1786 3002
39 508 42 510 ,
112 463 291 513 Ligamina
324 467 372 503 si-

111 541 289 585 zilletum.

466 240 567 288 190
638 229 875 296 D1PL0M.
913 231 1050 282 PARS
1088 232 1155 279 ΙΙ.
1195 245 1506 284 samonem

954 372 1004 440 §.
1082 384 1199 438 138.

525 455 719 504 Diversi
764 455 978 520 coloris,
1030 461 1341 529 diversaeque
1381 464 1598 513 materiae
1638 464 1746 513 fue.

383 539 504 577 runt
544 526 816 596 frgillorum
859 533 1134 595 pensilium
1166 533 1400 598 vincula,
1441 550 1555 586 cum
1586 535 1704 588 alibi
1727 572 1746 599 ,-

382 613 493 649 turn
524 603 578 649 in
605 604 881 666 Hungaria.
959 609 1022 654 Et
1064 612 1269 657 materia
1307 608 1519 677 'quidem
1561 627 1588 667 e
1620 609 1746 677 firi-

381 689 461 737 co,
497 678 649 736 corio,
687 674 988 742 membrana,
1028 680 1078 728 &
1100 679 1185 748 filo
1227 687 1471 733 communi.
1547 685 1747 747 Sericea

381 742 504 792 olim
533 742 672 796 fuere
693 746 900 798 vincula
931 750 1201 816 sigillorum
1231 769 1336 801 non
1371 751 1528 803 solum
1549 757 1745 818 Regum

379 816 683 881 Hungariae,
723 818 805 867 sed
831 819 1132 890 plerumque
1169 826 1319 872 etiam
1359 825 1742 892 Episcoporum,

381 887 734 954 Capitulorum
766 891 815 940 ὅ(
850 894 1175 959 personarum
1214 894 1490 946 illustrium.
1530 924 1533 927 ·
1572 898 1743 957 Corio,

380 974 548 1026 eoque
591 960 819 1013 crassiore
860 965 1075 1030 sigillum
1114 965 1374 1034 diplomati
1419 973 1463 1015 S.
1499 965 1742 1035 Stephani

383 1045 534 1083 1001.
575 1031 834 1102 alligatum
865 1036 966 1100 est,
1007 1039 1150 1104 cujus
1191 1040 1346 1104 Regis
1381 1036 1550 1088 literas
1593 1054 1745 1098 1019.

374 1100 447 1151 ill.
483 1119 760 1156 GEBHARDI
788 1109 922 1157 haud
966 1107 1036 1158 ita
1067 1111 1261 1175 pridem
1300 1107 1740 1159 falsiinsimulare

375 1190 484 1222 non
511 1176 779 1240 dubitavit,
818 1182 960 1245 quod
989 1183 1220 1247 corrigiae
1253 1182 1306 1229 in
1333 1179 1548 1230 formula
1581 1180 1739 1247 sphra-

377 1246 552 1311 gistica
577 1248 776 1298 illarum
802 1254 998 1300 mentio
1026 1251 1152 1302 fabia
1196 1251 1266 1300 est
1294 1255 1387 1315 a).-
1434 1256 1550 1301 Nec
1585 1266 1738 1300 mem-

376 1318 623 1369 branacea
687 1322 834 1370 nobis
890 1322 1069 1372 desunt
1125 1322 1397 1387 figillorum
1448 1321 1687 1388 liganiina
1723 1355 1741 1382 ,

374 1388 543 1454 sigillis
583 1395 837 1459 praecipue
862 1395 1122 1443 Abbatum
1167 1394 1216 1442 &
1246 1398 1607 1443 conventuum
1642 1392 1766 1442 susss

374 1462 683 1525 pendendis'
706 1463 828 1512 olim
867 1465 1122 1527 adhibita,
1184 1465 1233 1513 &
1278 1466 1442 1513 ubivis
1479 1468 1644 1515 obvia.
1682 1467 1734 1512 Si

374 1531 761 1583 instrumentum
800 1535 1011 1603 aliquod
1053 1535 1274 1601 plurium
1307 1541 1577 1585 Procerum
1630 1539 1737 1585 No·
1782 1591 1786 1600 Δ

376 1604 658 1671 biliumque
677 1605 843 1671 figillis
869 1606 1161 1654 instrustum
1194 1607 1294 1666 est,
1334 1609 1736 1671 dependentibus

373 1677 438 1723 de
479 1675 600 1724 loris
641 1677 1068 1736 membranaceis,
1124 1691 1226 1723 non
1269 1689 1462 1724 tantum
1505 1675 1735 1736 ordinis,

373 1761 527 1811 quem
565 1746 887 1812 personarum
924 1747 1141 1810 dignitas
1183 1745 1485 1807 definiebat,
1525 1742 1738 1808 diligen-

370 1829 477 1864 tem
524 1815 792 1866 rationem*
819 1818 1038 1866 habitam
1091 1815 1234 1866 fuiffe
1275 1816 1700 1882 deprehendimus
1714 1830 1731 1869 3

369 1903 549 1950 verum
593 1891 801 1938 nomina
831 1890 978 1936 etiarn
1017 1885 1256 1950 illorum,
1292 1889 1371 1936 ·ad
1412 1892 1539 1954 quos
1585 1884 1735 1951 figula

370 1962 753 2027 pertinuerant,
808 1957 1164 2008 membranulis
1215 1976 1305 2026 per
1345 1960 1628 2009 Notarium·
1661 1959 1732 2006 in·

372 2029 554 2096 scripta
594 2032 884 2080 invenimus
950 2029 1023 2093 b).
1071 2027 1186 2077 Filo
1230 2033 1523 2091 communi,
1558 2043 1731 2077 recen-

372 2104 493 2150 tiori
523 2104 727 2151 demum·
765 2118 874 2151 aevo
909 2135 926 2163 ,
980 2098 1202 2166 personae
1238 2093 1568 2166 utplurimum
1603 2097 1728 2147 infe-

370 2175 518 2222 rioris
561 2175 880 2223 conditionis
919 2171 1016 2220 usae
1059 2170 1200 2234 sunt,
1267 2163 1498 2238 qifflamvis
1528 2171 1726 2233 Capitu-

370 2242 536 2292 lorum
571 2247 760 2310 etiam,
790 2262 836 2294 e.
868 2261 913 2295 c.
940 2244 1306 2309 ScepusiensiS,
1334 2239 1487 2308 figilla
1511 2241 1727 2288 viderim

345 2376 347 2378 ι
370 2313 464 2365 filis
482 2315 1089 2383 vulgaribus'pendentia.
1128 2341 1196 2353 —-
1237 2312 1431 2362 Coloris
1450 2327 1600 2378 porro
1624 2327 1727 2359 non

369 2387 536 2435 minor
546 2387 643 2435 fuit
657 2391 871 2437 varietas
890 2388 939 2435 &
958 2384 1289 2435 inconstantia
1307 2387 1359 2432 in
1371 2380 1722 2452 appendiculis

371 2457 586 2506 sericeis.
630 2461 845 2508 auidam
876 2460 1011 2507 enim
1046 2460 1196 2506 etiam
1231 2458 1403 2521 flung.
1428 2460 1623 2519 Regum
1655 2452 1721 2499 se·

367 2531 696 2597 rico-partim
729 2534 914 2592 rubro,
971 2530 1150 2594 partim
1184 2526 1298 2577 albo
1365 2526 1592 2587 flavove:
1641 2522 1726 2574 alii

368 2601 575 2665 penitus
608 2604 765 2650 rubeo
802 2616 888 2651 aut
923 2600 1075 2648 viridi
1110 2601 1190 2648 usi
1225 2598 1350 2646 sunt.
1424 2596 1596 2646 Hodie
1624 2597 1719 2642 Im-

368 2684 623 2735 peratores
652 2677 799 2721 Rom.
839 2676 1007 2723 Germ.
1038 2672 1088 2720 δ(
1129 2672 1336 2738 quidem
1373 2686 1400 2719 a
1440 2666 1605 2716 Caroli
1632 2669 1723 2717 ‘IV-

367 2752 631 2808 tempore,
670 2760 820 2810 quem
867 2758 1036 2793 tamen
1067 2759 1170 2791 non
1207 2757 1381 2790 omnes
1416 2735 1715 2787 succeffores
1751 2789 1755 2794 V

368 2813 424 2862 in
449 2827 527 2886 ¹eo
560 2818 807 2866 continuo
835 2817 1018 2866 imitati
1058 2814 1168 2864 sunt
1209 2816 1292 2883 c),
1341 2808 1717 2927 accommodiate

1590 2895 1616 2929 a
