1786 3002
63 1899 292 1947 Diplomatum

54 1969 150 2006 varia:
177 1966 300 2013 specIes

54 2041 90 2074 δι
115 2037 263 2073 nomina.

405 124 444 176 4
673 98 1093 169 PROLEGOMENA‘.
1133 96 1281 155 SEeT.
1303 113 1362 181 J,

331 266 413 304 ret
434 257 507 314 a).
543 251 738 299 Horum
766 245 1063 297 solemnium
1090 249 1263 300 fimilia
1291 235 1428 299 illas
1440 307 1446 318 ,⁴
1474 266 1510 311 ⁴t
1526 289 1543 318 ,
1581 255 1683 307 sine

332 325 514 393 quibus
547 319 767 387 diploma
805 317 1223 371 aevi'intermedii
1256 348 1327 362 ---
1363 266 1522 387 se&
1546 329 1680 376 enim

330 399 571 444 duntaxat
617 391 978 440 intermedium
1008 393 1063 440 in
1109 401 1214 442 arte
1249 390 1574 460 diplomatica
1605 413 1681 445 re-

328 467 561 534 spicimus
600 490 669 526 -st
707 461 935 512 validum
964 461 1326 530 &legitimum
1358 465 1454 514 effe
1488 461 1683 535 nffiuit,

322 536 510 587 iterum
547 532 715 598 alege
748 531 832 582 vel
863 531 1233 594 consuetudine
1273 535 1477 603 populi,
1516 557 1543 587 a
1579 540 1681 607 “quo

324 606 545 674 diploma
581 603 789 671 aliquod
830 607 891 654 ad
936 620 1030 654 nos
1082 601 1417 657 transmissum
1458 609 1554 671 est,
1609 606 1684 670 ffi-

321 679 555 749 petendas
629 675 1044 726 Accensebantur
1083 692 1250 728 autem
1291 677 1421 729 illis:
1459 667 1685 730 formul&

323 755 452 800 bene
483 750 756 815 precandi,
795 749 1047 797 honorum
1092 749 1263 814 tituli,
1300 750 1684 816 subscriptiones
1720 803 1723 805 ,

322 824 626 883 nominum,
665 835 876 882 cruces,
929 822 1185 870 chrismon
1209 856 1235 884 ,Ι
1271 820 1522 888 liginum,
1573 823 1684 872 lite-

320 910 487 943 rarum
526 891 609 941 vel
655 893 936 956 imaginum,
981 893 1036 939 in
1080 894 1309 958 margine
1354 895 1682 962 diplomatum

322 964 450 1014 facila
485 962 742 1025 diffeffio,
797 962 1104 1032 investiturae
1146 963 1396 1031 symbola,
1442 969 1568 1017 nodi
1601 984 1681 1034 ap-

317 1035 609 1105 pendiculis
643 1035 854 1097 innexi,
891 1050 977 1088 cet.
1052 1033 1172 1086 Haec
1195 1050 1367 1099 tamen
1396 1056 1478 1090 nec
1502 1043 1555 1089 in
1580 1057 1687 1109 quo-

320 1106 434 1159 libet
472 1107 714 1175 diplomate
736 1105 937 1176 fingula
954 1146 973 1174 ,
1025 1117 1164 1174 neque
1212 1113 1393 1168 omnino
1429 1109 1580 1160 eadem
1625 1113 1684 1160 in

319 1177 495 1231 chartis
523 1180 731 1229 omnium
762 1179 973 1247 gentium
1003 1177 1276 1247 quoeſj'veris.
1318 1176 1511 1232 Sufficit
1544 1183 1684 1232 omni

321 1262 551 1315 tempore
595 1248 645 1297 &
691 1249 881 1314 ubique
926 1245 1130 1296 illorum
1168 1250 1396 1315 quaedam
1427 1251 1679 1316 viguisse,

320 1336 349 1370 a
387 1321 571 1388 quibus
598 1317 872 1386 diplomata
896 1321 1051 1368 robur
1080 1319 1131 1367 ὅ(
1163 1319 1510 1371 ειηᾶοτὶεειῑεηι
1545 1321 1680 1371 suam

322 1394 557 1457 accipere
607 1392 889 1453 debebant,
946 1392 1019 1439 ita
1062 1391 1273 1455 jubente
1325 1390 1409 1443 vel
1462 1390 1681 1459 expressa

322 1462 470 1528 lege,
506 1461 590 1512 vel
641 1464 848 1529 antiqua
876 1459 1257 1510 consuetudine.

381 1606 423 1659 a)
455 1603 582 1646 Conf.
609 1615 756 1647 BERN,-
782 1611 1032 1643 BRISSONII
1059 1602 1103 1643 de
1130 1583 1322 1642 For-mulis
1339 1630 1353 1650 ‚
1383 1602 1415 1641 δ’
1443 1601 1679 1653 fhlemm‘bzts

445 1661 587 1717 populi
613 1661 785 1700 Romam·
806 1661 933 1701 verbis
949 1659 1062 1700 Libb.
1092 1658 1222 1699 VIII.
1240 1658 1429 1702 Fra‘ncof.
1453 1657 1571 1713 1592.
1591 1660 1683 1700 Fol.

461 1884 513 1930 A
558 1870 924 1943 consuetudine
961 1891 1191 1929 veterum
1233 1875 1483 1928 formandi
1525 1878 1679 1945 diplo-

326 1963 458 2000 mata
483 1953 537 1998 in
578 1950 789 1997 modum
833 1944 1426 2013 tabellarumduplicium
1449 1983 1466 2010 ,
1505 1947 1680 2001 eadem

327 2037 517 2071 nomen
555 2034 773 2084 graecum
811 2019 1047 2080 trahunt,
1103 2019 1242 2085 quod
1284 2020 1490 2068 civitate
1519 2013 1678 2072 roma-

327 2109 390 2141 na
431 2093 698 2151 donatum,
756 2105 813 2138 ea
863 2087 1107 2154 potestate
1154 2105 1252 2155 qua
1285 2091 1338 2137 in
1377 2102 1499 2144 artev
1527 2107 1679 2157 quam

326 2161 594 2212 traetamm
643 2162 937 2223 adhibetur,
1000 2162 1131 2225 apud
1169 2158 1396 2215 auetores
1443 2177 1679 2213 romanos

324 2236 480 2282 rarius
510 2234 763 2292 occurrit,
803 2231 1013 2279 subinde
1048 2245 1215 2280 autem
1242 2247 1349 2279 aevo
1375 2232 1678 2285 intermedio

326 2302 524 2369 prorsus
565 2301 816 2363 exolevit,
857 2297 1027 2367 n'eque
1065 2304 1117 2349 in
1156 2310 1397 2350 contextu
1435 2303 1676 2368 diploma-

324 2389 431 2437 tum
468 2373 574 2438 ipso
612 2371 806 2438 uspiam
840 2373 1005 2420 adhuc
1034 2370 1346 2421 observatum
1381 2372 1462 2421 est.
1510 2375 1678 2425 Alter.

322 2459 445 2493 nant
469 2444 656 2492 ibidem
687 2442 770 2494 cha
777 2459 877 2504 rtae,
886 2448 1089 2514 paginae,
1102 2440 1386 2509 testamenti,
1403 2442 1675 2511 instrumen-

318 2519 363 2567 ti
375 2549 391 2576 ,
411 2516 652 2566 literarum
668 2517 951 2580 patentium,
973 2515 1212 2566 literarum
1231 2515 1596 2584 privilegialium
1614 2522 1670 2579 a)

319 2597 420 2634 cet.
461 2587 663 2633 nomina
677 2601 693 2639 ;
749 2585 890 2644 sunt,
948 2599 1056 2650 quae
1083 2585 1337 2632 interdum
1378 2600 1469 2650 pro
1519 2589 1665 2636 ratio-

319 2672 385 2704 ne
436 2657 723 2722 argumenti
765 2658 950 2709 notitia·
1011 2652 1323 2723 appellantur
1346 2690 1366 2719 ,
1405 2667 1670 2726 proecepta',

1521 2743 1602 2778 au-
