1786 3002
103 437 1293 566 PaoLEGOMENA

701 581 740 617 D
780 582 814 616 Ε

53 548 878 746 o11ffi0MA=r113US,ET
914 679 1128 727 ARTE
1164 675 1437 725 D1PLO-

120 750 226 838 (δ’.
254 774 258 777 ·
414 769 664 816 MATICA
711 763 1091 813 GENERATlM.

18 827 188 1052 :f
449 973 917 1036 SECTlo
992 974 1043 1032 1.

162 1124 171 1133 ·
242 1104 328 1150 DE
393 1099 863 1154 DIPLOMATIBUS
932 1097 1241 1146 UNIVERSE.

673 1222 725 1290 §-
805 1237 850 1273 1.

70 1305 259 1420 Quo
313 1361 517 1427 longius
559 1365 614 1411 in
665 1362 868 1411 historia
906 1361 1172 1413 hominum
1222 1359 1437 1426 populo·
1451 1360 1560 1410 orzgo
1592 1361 1718 1410 ”irb-
1771 1370 1777 1374 ’

71 1449 327 1502 rumque,
377 1435 472 1499 qui
513 1431 598 1481 vel
646 1448 787 1481 nunc
826 1448 918 1499 per
962 1432 1136 1480 orbem
1193 1445 1437 1483 terrarum
1453 1441 1596 1467 mamus.
1776 1436 1782 1447 '

71 1505 257 1557 florent
306 1501 392 1553 vel
434 1501 556 1552 olim
602 1500 919 1565 floruerunt,
971 1504 1313 1567 regredimur,
1377 1521 1441 1555 eo

0 1571 18 1599 ⁵¹²
70 1579 321 1626 minorem
360 1588 516 1642 atque
554 1575 806 1622 minorem
857 1576 1108 1623 continuo
1157 1577 1441 1640 reperimus

0 1659 12 1706 ἒ
69 1659 463 1703 monumentorum
509 1642 798 1712 firiptorum
818 1685 838 1711 ,
900 1656 1120 1712 quorum
1173 1643 1355 1711 largiff
1338 1663 1441 1696 mo

1 1737 17 1773 μ
71 1730 330 1786 proventu
355 1720 567 1782 Europae
603 1713 836 1782 plerique
863 1714 1041 1782 populi
1075 1718 1275 1766 iamiam
1307 1716 1442 1772 labo·

70 1803 181 1839 rare
229 1790 495 1854 premique
544 1788 805 1847 incipiunt
855 1793 951 1849 a),
993 1790 1191 1854 copiam
1204 1806 1220 1845 5
1274 1790 1444 1838 donec

71 1859 161 1909 illa
179 1859 417 1916 tandem,
453 1855 831 1920 inquirentibus
855 1857 912 1902 in
940 1856 1174 1905 ultimam
1209 1862 1445 1922 gentium

56 1930 328 1997 originem
365 1926 417 1975 ἀ
449 1925 733 1986 historiam,
772 1924 872 1973 five
912 1927 977 1974 ob
1002 1939 1160 1974 artem
1196 1927 1467 1977 scribendi·
1501 1920 1512 1926 ’

74 1999 307 2049 universe
355 1999 585 2047 nondum
632 1998 929 2058 inventam,
987 1995 1086 2044 five
1122 1999 1187 2046 ob
1232 2001 1447 2048 eandem

74 2069 269 2139 populo
320 2067 473 2118 alicui
523 2068 754 2115 nondum
809 2068 1103 2131 cognitam,
1164 2069 1450 2136 dispareant

76 2143 284 2210 penitus
320 2140 395 2203 b).
467 2140 585 2187 Hoc
618 2136 757 2199 illud
777 2151 885 2186 erat
919 2151 1123 2203 tempus
1168 2138 1450 2206 mythicum,

12 2241 15 2243 -
76 2210 338 2279 plerisque
398 2211 628 2259 omnibus
699 2207 906 2274 populis
968 2207 1246 2275 aliquando
1313 2228 1449 2261 com·

79 2298 237 2331 mune
272 2287 357 2344 c),
396 2297 513 2363 quo·
537 2296 830 2347 magnarum
849 2295 1014 2328 rerum
1049 2284 1312 2344 memoria,
1345 2298 1450 2331 car-

81 2354 222 2401 mine
259 2350 311 2399 &
338 2354 622 2402 narratione
660 2353 718 2414 d)
760 2352 822 2399 ad
874 2350 1098 2417 posteros
1144 2355 1452 2419 propagaba-

79 2436 198 2484 tur,
237 2425 516 2490 dextraque
539 2424 651 2470 data
682 2421 733 2470 ὅ(
762 2436 970 2488 accepta
998 2419 1317 2472 fortiffimum
1343 2436 1455 2471 erat

79 2493 272 2558 jurium
332 2493 382 2541 ὃ(
440 2493 825 2557 obligationum
866 2492 1147 2543 vinculum.
1222 2499 1453 2542 Interve-

24 2571 26 2573 ’
80 2566 261 2612 niente
307 2562 517 2613 subinde
557 2563 754 2611 meliori
788 2567 1049 2613 hominum
1081 2569 1310 2629 vitaeque
1351 2554 1458 2613 cul-

83 2646 224 2694 tura,
275 2637 598 2701 cognitisque
642 2632 904 2684 literarum
963 2634 1054 2683 usu
1114 2635 1163 2683 δ(
1213 2636 1454 2696 secretis,

83 2703 439 2759 consuetudini
463 2707 684 2756 carmine
716 2705 767 2752 ὅ(
800 2708 1087 2756 narratione
1121 2709 1242 2757 rudi
1269 2705 1451 2754 famam

208 2799 242 2819 ν
727 2779 779 2825 A
1314 2776 1379 2824 ad
