1786 3002
350 216 357 222 „
408 172 494 235 [53
582 210 586 214 ,
634 132 884 224 mmon.-
908 167 1044 217 PARS
1083 171 1122 215 Ι.
1161 178 1440 227 cantum.

348 310 543 361 rentia·
528 341 544 364 ,
586 324 700 370 cum
741 309 815 356 hae
850 324 957 358 non
987 307 1189 375 longius
1218 309 1401 360 forma
1397 312 1589 373 &stent
1631 311 1695 365 ab

348 379 513 448 illis,
530 395 686 449 fluam
731 393 758 426 a
801 377 973 429 latinis
1046 380 1284 447 scriptura
1331 381 1694 446 Germanorum

350 443 569 512 curfiva,
628 446 890 505 certiffime
930 452 990 501 ab
1029 467 1232 506 romana
1273 466 1448 502 vetere
1486 453 1692 517 descen-

348 524 488 571 dens.
562 525 830 569 Mutantur
885 520 1061 571 calami
1101 522 1363 590 literaeque
1401 519 1533 574 ficut·
1553 526 1695 592 pilei.

344 595 507 645 Nobis
549 593 612 640 ad
638 590 891 651 literarum
933 592 1197 643 latinarum
1226 598 1557 644 variationem
1583 610 1696 646 tan-

329 656 482 726 ltfum,
522 678 634 734 quae
679 677 787 711 aevo
823 665 992 713 medio
1033 667 1276 730 contigit,
1331 659 1695 717 attendendum

346 729 432 785 est.
504 738 684 815 Hanc,
747 750 863 785 cum
897 738 1093 785 ratione
1142 735 1481 790 count-&endi
1525 736 1694 788 literas

345 809 478 856 inter
517 806 563 854 se
600 801 821 854 invic'em
855 841 872 868 ,
925 822 1038 873 quae
1079 809 1257 856 itidem
1290 809 1551 870 variabat,
1601 812 1697 876 qui

344 878 506 946 probe
543 878 770 926 tenuerit
805 912 822 939 ‚
889 892 964 925 nae
1011 875 1097 926 ille
1149 877 1511 948 quuscunque
1534 878 1697 928 saeculi
1745 902 1750 911 ⁹

346 950 502 1008 aetatis
549 950 726 998 mediae
770 948 1034 1013 scripturas
1088 947 1302 1017 legere,
1340 962 1496 1018 atque
1535 952 1596 1000 de
1639 949 1694 1000 il-

344 1019 501 1071 larum
546 1034 687 1070 aetate
729 1019 951 1085 judicare
986 1024 1192 1088 poterit.

907 1135 959 1203 §·
1034 1154 1118 1198 29.

72 1224 185 1289 oum
214 1247 327 1292 aspha-
476 1235 575 1284 Vix
609 1231 723 1283 effe·
748 1235 913 1301 potest
934 1239 1168 1303 cuiquam
1209 1234 1501 1302 obscurum,
1542 1249 1695 1300 quare

70 1309 254 1350 bernuini
339 1303 695 1372 Diplomaticae
719 1307 974 1372 praecipue
1009 1309 1312 1372 Hungaricae
1343 1304 1604 1367 studiosos,
1633 1305 1696 1351 de

72 1381 326 1421 duntaxatratio
339 1378 617 1426 variatione
653 1375 912 1426 literarum
943 1378 1208 1426 latinarum
1234 1389 1430 1429 tantum
1459 1373 1699 1425 sollicitos

67 1451 233 1488 habena!
341 1446 684 1513 effejubeam.
757 1450 1029 1514 Hungariae
1070 1451 1204 1496 enim
1246 1452 1411 1511 Reges
1460 1449 1522 1495 ad
1563 1446 1698 1515 Jose-

339 1520 498 1584 phum
538 1522 603 1569 ΙΙ.
667 1522 805 1584 (qui
849 1521 1097 1571 idiomati=
1129 1521 1392 1566 teutonico
1453 1515 1695 1576 favebat)

338 1587 526 1638 nullam
569 1590 655 1638 nifi
698 1588 902 1639 latinam
951 1586 1174 1651 linguam
1229 1590 1283 1635 in
1336 1584 1694 1652 diplomatibus

339 1660 717 1708 conscribendis
765 1658 1102 1720 admiserunt,
1157 1672 1250 1706 nec
1288 1657 1502 1723 posthaec
1549 1654 1694 1705 aliam

331 1731 470 1795 (nifi
528 1732 831 1794 Hungaricae
877 1730 966 1778 iste
1002 1731 1167 1779 honor
1224 1730 1513 1794 obtingat)
1548 1724 1707 1775 facile

336 1800 587 1851 admissuri
650 1800 774 1849 sunt.
870 1798 1190 1849 Charafi‘teres
1220 1794 1400 1848 'adhae'c
1425 1833 1444 1861 ,
1513 1799 1693 1863 quibus

331 1875 596 1939 Hungari,
638 1874 917 1933 Germani,
956 1870 1193 1935 Slavique
1242 1869 1393 1918 nostri
1438 1880 1651 1919 utuntur
1676 1901 1695 1927 ‚

340 1946 461 1991 dum
483 1946 538 1991 in
562 1942 833 1989 vernacula
859 1941 1104 1999 scribunt,
1143 1939 1306 1987 latinae
1335 1941 1446 1987 sunt
1469 1939 1696 2003 originis.

333 2016 395 2061 Id.
433 2028 533 2060 una
562 2027 760 2060 mecum
802 2010 972 2061 doleas
1009 2022 1245 2077 oportet,
1299 2007 1520 2077 linguam
1567 2011 1696 2061 hun-

337 2085 574 2148 garicam,
615 2098 846 2144 numer0,
879 2082 928 2131 &
951 2082 1219 2142 svavitate,
1203 2116 1227 2145 ,ῃ
1260 2095 1354 2130 nec
1378 2097 1491 2134 non
1516 2081 1693 2139 verbo·

258 2176 259 2179 ¹
334 2170 448 2202 rum
479 2155 724 2219 pondere,
754 2153 804 2202 &
826 2154 1063 2205 flexionis
1107 2150 1379 2214 facilitate,
1393 2149 1580 2199 multis
1600 2153 1693 2200 Eu-

335 2241 471 2289 ropae
496 2225 680 2288 linguis
709 2226 1145 2292 anteponendam,
1183 2223 1329 2274 serius
1360 2221 1409 2269 &
1431 2219 1692 2289 negligen-

337 2298 436 2343 tius
501 2309 661 2360 quam
715 2295 959 2345 debuisset
1013 2293 1161 2343 scribi
1213 2291 1417 2359 colique
1473 2298 1692 2358 coeptam'

337 2365 449 2414 effe
491 2364 883 2431 Antiquiffima,
924 2380 1036 2434 quae
1078 2363 1364 2431 supersunt,
1402 2364 1509 2431 styli
1548 2365 1690 2422 Hun

334 2438 490 2507 garici
525 2435 830 2500 specimina,
868 2455 972 2487 non
1007 2436 1104 2487 fine
1143 2434 1416 2501 voluptatis
1453 2418 1622 2495 sensu,
1663 2448 1692 2481 a

333 2524 416 2558 GE.
437 2522 573 2557 PRAY
601 2523 663 2555 ex
695 2507 891 2567 vetusto
925 2509 1115 2566 Codice
1152 2506 1256 2555 saec.
1277 2510 1409 2559 X111.
1446 2505 1704 2572 defututa,

332 2581 388 2628 in
420 2594 494 2641 Jo.
524 2593 804 2642 SAJNOVIcs
833 2577 1237 2647 Demonstratione
1259 2576 1431 2635 idioma
1473 2575 1701 2645 Ungarffi.

332 2667 435 2702 rum
472 2650 557 2705 ΕΤ
572 2649 838 2731 Lapponzcm
875 2648 996 2701 idem
1019 2647 1124 2717 effe,
1159 2650 1735 2716 ‘Tyrn·1‹7.79·4-P·5*

332 2733 382 2784 4·
418 2720 482 2777 <Sc
504 2718 641 2795 seqq
681 2719 732 2778 &
767 2722 823 2778 in
854 2723 957 2778 BR,
996 2732 1207 2782 nomam
1251 2746 1322 2764 -.-·
1359 2721 1447 2787 qui
1478 2716 1690 2786 ipsemet

1414 2804 1419 2810 “
1531 2803 1613 2837 co-
