<?xml version="1.0" encoding="UTF-8"?>
<!DOCTYPE html PUBLIC "-//W3C//DTD XHTML 1.0 Transitional//EN"
    "http://www.w3.org/TR/xhtml1/DTD/xhtml1-transitional.dtd">
<html xmlns="http://www.w3.org/1999/xhtml" xml:lang="en" lang="en">
 <head>
  <title>
</title>
<meta http-equiv="Content-Type" content="text/html;charset=utf-8" />
  <meta name='ocr-system' content='tesseract 3.04.00' />
  <meta name='ocr-capabilities' content='ocr_page ocr_carea ocr_par ocr_line ocrx_word'/>
</head>
<body>
  <div class='ocr_page' id='page_1' title='image "./introductioinrem00schwuoft_0079.png"; bbox 0 0 1786 3002; ppageno 0'>
   <div class='ocr_carea' id='block_1_1' title="bbox 311 160 1380 235">
    <p class='ocr_par' dir='ltr' id='par_1_1' title="bbox 311 160 1380 235">
     <span class='ocr_line' id='line_1_1' title="bbox 311 160 1380 235; baseline -0.004 -11"><span class='ocrx_word' id='word_1_1' title='bbox 311 160 682 225; x_wconf 59' lang='lat' dir='ltr'>CAPUr‘lt‘bt</span> <span class='ocrx_word' id='word_1_2' title='bbox 717 171 902 219; x_wconf 68' lang='grc' dir='ltr'>ἰη-εκ.</span> <span class='ocrx_word' id='word_1_3' title='bbox 927 172 1236 220; x_wconf 61' lang='lat' dir='ltr'>sempron·</span> <span class='ocrx_word' id='word_1_4' title='bbox 1311 184 1380 235; x_wconf 83' lang='lat'>59</span> 
     </span>
    </p>
   </div>
   <div class='ocr_carea' id='block_1_2' title="bbox 15 296 1492 2213">
    <p class='ocr_par' dir='ltr' id='par_1_2' title="bbox 89 296 1457 798">
     <span class='ocr_line' id='line_1_2' title="bbox 93 296 1455 380; baseline -0.001 -18"><span class='ocrx_word' id='word_1_5' title='bbox 93 305 329 374; x_wconf 48' lang='lat' dir='ltr'>indicem</span> <span class='ocrx_word' id='word_1_6' title='bbox 373 296 587 380; x_wconf 54' lang='lat' dir='ltr'>efflent</span> <span class='ocrx_word' id='word_1_7' title='bbox 630 303 909 360; x_wconf 83' lang='lat' dir='ltr'>recensuit</span> <span class='ocrx_word' id='word_1_8' title='bbox 934 331 1005 348; x_wconf 91' lang='lat'>-</span> <span class='ocrx_word' id='word_1_9' title='bbox 1036 306 1109 358; x_wconf 89' lang='lat' dir='ltr'><em>H</em></span> <span class='ocrx_word' id='word_1_10' title='bbox 1098 304 1252 374; x_wconf 69' lang='lat' dir='ltr'>stotza</span> <span class='ocrx_word' id='word_1_11' title='bbox 1278 305 1455 375; x_wconf 78' lang='lat' dir='ltr'>Episco-</span> 
     </span>
     <span class='ocr_line' id='line_1_3' title="bbox 89 368 1454 454; baseline -0.008 -19"><span class='ocrx_word' id='word_1_12' title='bbox 89 395 237 454; x_wconf 78' lang='lat' dir='ltr'>patus</span> <span class='ocrx_word' id='word_1_13' title='bbox 280 368 765 451; x_wconf 53' lang='lat' dir='ltr'>Ququeecclefenfii·</span> <span class='ocrx_word' id='word_1_14' title='bbox 797 383 945 428; x_wconf 89' lang='lat' dir='ltr'>Tom.</span> <span class='ocrx_word' id='word_1_15' title='bbox 983 379 1024 426; x_wconf 88' lang='grc' dir='ltr'>Ι.</span> <span class='ocrx_word' id='word_1_16' title='bbox 1065 392 1115 442; x_wconf 90' lang='lat' dir='ltr'>p.</span> <span class='ocrx_word' id='word_1_17' title='bbox 1152 392 1273 441; x_wconf 88' lang='lat'>414.</span> <span class='ocrx_word' id='word_1_18' title='bbox 1305 375 1454 444; x_wconf 77' lang='lat' dir='ltr'>lege.</span> 
     </span>
     <span class='ocr_line' id='line_1_4' title="bbox 99 441 1454 518; baseline -0.004 -16"><span class='ocrx_word' id='word_1_19' title='bbox 99 456 170 503; x_wconf 82' lang='lat' dir='ltr'>ris</span> <span class='ocrx_word' id='word_1_20' title='bbox 198 458 271 513; x_wconf 87' lang='lat' dir='ltr'>a).</span> <span class='ocrx_word' id='word_1_21' title='bbox 321 441 617 518; x_wconf 63' lang='lat' dir='ltr'>Anuquiff</span> <span class='ocrx_word' id='word_1_22' title='bbox 599 468 755 500; x_wconf 90' lang='lat' dir='ltr'>mum</span> <span class='ocrx_word' id='word_1_23' title='bbox 787 465 1025 517; x_wconf 87' lang='lat' dir='ltr'>typorum</span> <span class='ocrx_word' id='word_1_24' title='bbox 1060 449 1454 514; x_wconf 83' lang='lat' dir='ltr'>hungaricorum</span> 
     </span>
     <span class='ocr_line' id='line_1_5' title="bbox 99 517 1457 590; baseline -0.001 -19"><span class='ocrx_word' id='word_1_25' title='bbox 99 519 375 590; x_wconf 55' lang='lat' dir='ltr'>specium</span> <span class='ocrx_word' id='word_1_26' title='bbox 378 518 532 588; x_wconf 78' lang='lat' dir='ltr'>quod</span> <span class='ocrx_word' id='word_1_27' title='bbox 569 523 622 571; x_wconf 89' lang='lat' dir='ltr'>in</span> <span class='ocrx_word' id='word_1_28' title='bbox 656 521 973 571; x_wconf 81' lang='lat' dir='ltr'>Bibliotheca</span> <span class='ocrx_word' id='word_1_29' title='bbox 1005 518 1208 582; x_wconf 78' lang='lat' dir='ltr'>Pestana</span> <span class='ocrx_word' id='word_1_30' title='bbox 1243 517 1457 569; x_wconf 81' lang='lat' dir='ltr'>ostenta-</span> 
     </span>
     <span class='ocr_line' id='line_1_6' title="bbox 102 592 1456 675; baseline -0.003 -32"><span class='ocrx_word' id='word_1_31' title='bbox 102 608 209 675; x_wconf 45' lang='lat' dir='ltr'>tur,·</span> <span class='ocrx_word' id='word_1_32' title='bbox 457 594 508 643; x_wconf 84' lang='lat' dir='ltr'>S.</span> <span class='ocrx_word' id='word_1_33' title='bbox 543 593 674 644; x_wconf 85' lang='lat' dir='ltr'>Pauli</span> <span class='ocrx_word' id='word_1_34' title='bbox 705 592 834 654; x_wconf 84' lang='lat' dir='ltr'>sunt,</span> <span class='ocrx_word' id='word_1_35' title='bbox 868 605 994 658; x_wconf 87' lang='lat' dir='ltr'>quas</span> <span class='ocrx_word' id='word_1_36' title='bbox 1020 604 1221 640; x_wconf 63' lang='lat' dir='ltr'>manno.</span> <span class='ocrx_word' id='word_1_37' title='bbox 1252 604 1456 639; x_wconf 62' lang='lat' dir='ltr'>itoma-</span> 
     </span>
     <span class='ocr_line' id='line_1_7' title="bbox 101 662 1454 735; baseline -0.006 -19"><span class='ocrx_word' id='word_1_38' title='bbox 101 681 158 716; x_wconf 81' lang='lat' dir='ltr'>TI</span> <span class='ocrx_word' id='word_1_39' title='bbox 188 666 251 735; x_wconf 91' lang='lat' dir='ltr'><em>Q</em></span> <span class='ocrx_word' id='word_1_40' title='bbox 381 664 449 712; x_wconf 88' lang='lat' dir='ltr'>tis</span> <span class='ocrx_word' id='word_1_41' title='bbox 483 663 578 712; x_wconf 85' lang='lat' dir='ltr'>suae</span> <span class='ocrx_word' id='word_1_42' title='bbox 610 665 799 714; x_wconf 85' lang='lat' dir='ltr'>idioma</span> <span class='ocrx_word' id='word_1_43' title='bbox 834 662 1124 723; x_wconf 85' lang='lat' dir='ltr'>convertit,</span> <span class='ocrx_word' id='word_1_44' title='bbox 1161 672 1315 727; x_wconf 85' lang='lat' dir='ltr'>atque</span> <span class='ocrx_word' id='word_1_45' title='bbox 1341 662 1454 710; x_wconf 86' lang='lat' dir='ltr'>Cra-</span> 
     </span>
     <span class='ocr_line' id='line_1_8' title="bbox 262 734 1453 816; baseline -0.006 -30.788"><span class='ocrx_word' id='word_1_46' title='bbox 262 748 453 816; x_wconf 76' lang='lat'>1533</span> <span class='ocrx_word' id='word_1_47' title='bbox 502 743 551 792; x_wconf 86' lang='lat'>8.</span> <span class='ocrx_word' id='word_1_48' title='bbox 601 736 777 784; x_wconf 84' lang='lat' dir='ltr'>edidit.</span> <span class='ocrx_word' id='word_1_49' title='bbox 853 734 996 783; x_wconf 86' lang='lat' dir='ltr'><strong>Idem</strong></span> <span class='ocrx_word' id='word_1_50' title='bbox 1037 737 1136 797; x_wconf 84' lang='lat' dir='ltr'>ego</span> <span class='ocrx_word' id='word_1_51' title='bbox 1178 745 1329 781; x_wconf 85' lang='lat' dir='ltr'>antea</span> <span class='ocrx_word' id='word_1_52' title='bbox 1359 746 1453 798; x_wconf 89' lang='lat' dir='ltr'>pro</span> 
     </span>
    </p>

    <p class='ocr_par' dir='ltr' id='par_1_3' title="bbox 15 800 1457 1577">
     <span class='ocr_line' id='line_1_9' title="bbox 281 800 1451 855; baseline -0.003 -3"><span class='ocrx_word' id='word_1_53' title='bbox 281 806 432 855; x_wconf 86' lang='lat' dir='ltr'>etiam</span> <span class='ocrx_word' id='word_1_54' title='bbox 460 807 645 854; x_wconf 87' lang='lat' dir='ltr'>habui.</span> <span class='ocrx_word' id='word_1_55' title='bbox 685 806 754 855; x_wconf 91' lang='lat' dir='ltr'>est</span> <span class='ocrx_word' id='word_1_56' title='bbox 788 820 957 854; x_wconf 89' lang='lat' dir='ltr'>autem</span> <span class='ocrx_word' id='word_1_57' title='bbox 998 815 1144 853; x_wconf 81' lang='lat' dir='ltr'>aetate</span> <span class='ocrx_word' id='word_1_58' title='bbox 1180 801 1345 852; x_wconf 90' lang='lat' dir='ltr'>multo</span> <span class='ocrx_word' id='word_1_59' title='bbox 1380 800 1451 850; x_wconf 89' lang='lat' dir='ltr'>su-</span> 
     </span>
     <span class='ocr_line' id='line_1_10' title="bbox 84 867 1451 1006; baseline -0.001 -83"><span class='ocrx_word' id='word_1_60' title='bbox 84 867 285 1006; x_wconf 43' lang='lat' dir='ltr'>gius</span> <span class='ocrx_word' id='word_1_61' title='bbox 292 874 451 938; x_wconf 84' lang='lat' dir='ltr'>illud,</span> <span class='ocrx_word' id='word_1_62' title='bbox 509 877 654 943; x_wconf 91' lang='lat' dir='ltr'>quod</span> <span class='ocrx_word' id='word_1_63' title='bbox 681 879 913 926; x_wconf 86' lang='lat' dir='ltr'>oratione</span> <span class='ocrx_word' id='word_1_64' title='bbox 956 873 1008 924; x_wconf 88' lang='lat'>&amp;</span> <span class='ocrx_word' id='word_1_65' title='bbox 1049 876 1270 923; x_wconf 83' lang='lat' dir='ltr'>carmine</span> <span class='ocrx_word' id='word_1_66' title='bbox 1313 869 1451 922; x_wconf 85' lang='lat' dir='ltr'>sacro</span> 
     </span>
     <span class='ocr_line' id='line_1_11' title="bbox 61 944 1452 1010; baseline -0.001 -16"><span class='ocrx_word' id='word_1_67' title='bbox 61 971 86 985; x_wconf 82' lang='lat'>-.</span> <span class='ocrx_word' id='word_1_68' title='bbox 147 948 467 1005; x_wconf 14' lang='lat' dir='ltr'>ventionemff</span> <span class='ocrx_word' id='word_1_69' title='bbox 490 964 667 997; x_wconf 83' lang='lat' dir='ltr'>manus</span> <span class='ocrx_word' id='word_1_70' title='bbox 702 950 888 997; x_wconf 82' lang='lat' dir='ltr'>dextrae</span> <span class='ocrx_word' id='word_1_71' title='bbox 927 950 973 995; x_wconf 91' lang='lat' dir='ltr'>S.</span> <span class='ocrx_word' id='word_1_72' title='bbox 1012 946 1250 1010; x_wconf 88' lang='lat' dir='ltr'>Stephani</span> <span class='ocrx_word' id='word_1_73' title='bbox 1294 944 1452 1010; x_wconf 87' lang='lat' dir='ltr'>R&#39;egis</span> 
     </span>
     <span class='ocr_line' id='line_1_12' title="bbox 44 1011 1454 1086; baseline -0.004 -16"><span class='ocrx_word' id='word_1_74' title='bbox 44 1011 312 1086; x_wconf 42' lang='lat' dir='ltr'>&amp;celebrat</span> <span class='ocrx_word' id='word_1_75' title='bbox 342 1052 361 1079; x_wconf 87' lang='lat'>,</span> <span class='ocrx_word' id='word_1_76' title='bbox 423 1017 475 1065; x_wconf 77' lang='grc' dir='ltr'>δε</span> <span class='ocrx_word' id='word_1_77' title='bbox 526 1020 666 1084; x_wconf 87' lang='lat' dir='ltr'>quod</span> <span class='ocrx_word' id='word_1_78' title='bbox 721 1019 962 1068; x_wconf 86' lang='lat' dir='ltr'>Parochia</span> <span class='ocrx_word' id='word_1_79' title='bbox 1025 1015 1347 1086; x_wconf 81' lang='lat' dir='ltr'>Jegenyenfis</span> <span class='ocrx_word' id='word_1_80' title='bbox 1395 1017 1454 1065; x_wconf 89' lang='lat' dir='ltr'>in</span> 
     </span>
     <span class='ocr_line' id='line_1_13' title="bbox 15 1083 1452 1155; baseline -0.001 -19"><span class='ocrx_word' id='word_1_81' title='bbox 15 1083 61 1151; x_wconf 51' lang='lat' dir='ltr'>js*</span> <span class='ocrx_word' id='word_1_82' title='bbox 93 1086 451 1140; x_wconf 81' lang='lat' dir='ltr'>Tranffilvania</span> <span class='ocrx_word' id='word_1_83' title='bbox 475 1086 598 1154; x_wconf 76' lang='lat' dir='ltr'>pois</span> <span class='ocrx_word' id='word_1_84' title='bbox 601 1091 690 1138; x_wconf 87' lang='lat' dir='ltr'>det</span> <span class='ocrx_word' id='word_1_85' title='bbox 700 1125 719 1152; x_wconf 86' lang='lat'>,</span> <span class='ocrx_word' id='word_1_86' title='bbox 776 1102 958 1155; x_wconf 87' lang='lat' dir='ltr'>utpote</span> <span class='ocrx_word' id='word_1_87' title='bbox 993 1087 1132 1154; x_wconf 87' lang='lat' dir='ltr'>quod</span> <span class='ocrx_word' id='word_1_88' title='bbox 1159 1087 1452 1135; x_wconf 82' lang='lat' dir='ltr'>Norimber-</span> 
     </span>
     <span class='ocr_line' id='line_1_14' title="bbox 93 1156 1457 1229; baseline -0.003 -21"><span class='ocrx_word' id='word_1_89' title='bbox 93 1173 168 1229; x_wconf 83' lang='lat' dir='ltr'>gae</span> <span class='ocrx_word' id='word_1_90' title='bbox 200 1161 297 1223; x_wconf 86' lang='lat' dir='ltr'>jam</span> <span class='ocrx_word' id='word_1_91' title='bbox 325 1176 460 1208; x_wconf 88' lang='lat' dir='ltr'>anno</span> <span class='ocrx_word' id='word_1_92' title='bbox 505 1170 656 1226; x_wconf 85' lang='lat'>1484.</span> <span class='ocrx_word' id='word_1_93' title='bbox 703 1164 836 1227; x_wconf 89' lang='lat' dir='ltr'>typis</span> <span class='ocrx_word' id='word_1_94' title='bbox 871 1156 1147 1226; x_wconf 71' lang='lat' dir='ltr'>expreffurn</span> <span class='ocrx_word' id='word_1_95' title='bbox 1180 1156 1250 1207; x_wconf 90' lang='lat' dir='ltr'>est</span> <span class='ocrx_word' id='word_1_96' title='bbox 1286 1156 1361 1219; x_wconf 87' lang='lat' dir='ltr'>b).</span> <span class='ocrx_word' id='word_1_97' title='bbox 1394 1159 1457 1205; x_wconf 84' lang='lat' dir='ltr'>In</span> 
     </span>
     <span class='ocr_line' id='line_1_15' title="bbox 93 1229 1456 1296; baseline -0.001 -18"><span class='ocrx_word' id='word_1_98' title='bbox 93 1229 456 1296; x_wconf 81' lang='lat' dir='ltr'>diplomatibus</span> <span class='ocrx_word' id='word_1_99' title='bbox 492 1234 694 1281; x_wconf 87' lang='lat' dir='ltr'>tandem</span> <span class='ocrx_word' id='word_1_100' title='bbox 737 1232 787 1280; x_wconf 74' lang='grc' dir='ltr'>δε</span> <span class='ocrx_word' id='word_1_101' title='bbox 831 1233 1042 1291; x_wconf 86' lang='lat' dir='ltr'>chartis,</span> <span class='ocrx_word' id='word_1_102' title='bbox 1104 1229 1269 1293; x_wconf 84' lang='lat' dir='ltr'>gentis</span> <span class='ocrx_word' id='word_1_103' title='bbox 1314 1229 1456 1276; x_wconf 88' lang='lat' dir='ltr'>Hun-</span> 
     </span>
     <span class='ocr_line' id='line_1_16' title="bbox 95 1301 1455 1368; baseline 0 -20"><span class='ocrx_word' id='word_1_104' title='bbox 95 1304 274 1368; x_wconf 82' lang='lat' dir='ltr'>garicae</span> <span class='ocrx_word' id='word_1_105' title='bbox 306 1302 518 1363; x_wconf 81' lang='lat' dir='ltr'>idioma,</span> <span class='ocrx_word' id='word_1_106' title='bbox 547 1319 575 1351; x_wconf 93' lang='lat' dir='ltr'>a</span> <span class='ocrx_word' id='word_1_107' title='bbox 595 1301 730 1364; x_wconf 84' lang='lat' dir='ltr'>solis,</span> <span class='ocrx_word' id='word_1_108' title='bbox 746 1316 991 1368; x_wconf 87' lang='lat' dir='ltr'>quantum</span> <span class='ocrx_word' id='word_1_109' title='bbox 1018 1301 1246 1359; x_wconf 86' lang='lat' dir='ltr'>memini,</span> <span class='ocrx_word' id='word_1_110' title='bbox 1273 1301 1455 1348; x_wconf 74' lang='lat' dir='ltr'>Trans-</span> 
     </span>
     <span class='ocr_line' id='line_1_17' title="bbox 95 1367 1456 1436; baseline -0.002 -16"><span class='ocrx_word' id='word_1_111' title='bbox 95 1367 310 1420; x_wconf 75' lang='lat' dir='ltr'>silvaniae</span> <span class='ocrx_word' id='word_1_112' title='bbox 351 1369 456 1421; x_wconf 76' lang='lat' dir='ltr'><strong>faec.</strong></span> <span class='ocrx_word' id='word_1_113' title='bbox 489 1375 620 1422; x_wconf 86' lang='lat' dir='ltr'>XVI.</span> <span class='ocrx_word' id='word_1_114' title='bbox 656 1372 889 1422; x_wconf 89' lang='lat' dir='ltr'>&amp;XVII</span> <span class='ocrx_word' id='word_1_115' title='bbox 924 1371 1243 1436; x_wconf 82' lang='lat' dir='ltr'>Principibus</span> <span class='ocrx_word' id='word_1_116' title='bbox 1279 1373 1368 1432; x_wconf 85' lang='lat' dir='ltr'>c),</span> <span class='ocrx_word' id='word_1_117' title='bbox 1406 1369 1456 1417; x_wconf 89' lang='lat'>&amp;</span> 
     </span>
     <span class='ocr_line' id='line_1_18' title="bbox 94 1441 1454 1510; baseline 0 -22"><span class='ocrx_word' id='word_1_118' title='bbox 94 1441 307 1506; x_wconf 79' lang='lat' dir='ltr'>privatis</span> <span class='ocrx_word' id='word_1_119' title='bbox 344 1443 600 1506; x_wconf 75' lang='lat' dir='ltr'>nungaris</span> <span class='ocrx_word' id='word_1_120' title='bbox 632 1443 692 1505; x_wconf 83' lang='lat' dir='ltr'>d)</span> <span class='ocrx_word' id='word_1_121' title='bbox 712 1478 730 1505; x_wconf 88' lang='lat'>‚</span> <span class='ocrx_word' id='word_1_122' title='bbox 770 1446 832 1493; x_wconf 89' lang='lat' dir='ltr'>ab</span> <span class='ocrx_word' id='word_1_123' title='bbox 870 1446 1100 1510; x_wconf 86' lang='lat' dir='ltr'>utrisque</span> <span class='ocrx_word' id='word_1_124' title='bbox 1142 1457 1267 1489; x_wconf 86' lang='lat' dir='ltr'>vero</span> <span class='ocrx_word' id='word_1_125' title='bbox 1293 1443 1454 1497; x_wconf 82' lang='lat' dir='ltr'>rarius</span> 
     </span>
     <span class='ocr_line' id='line_1_19' title="bbox 87 1510 1452 1577; baseline 0.002 -20"><span class='ocrx_word' id='word_1_126' title='bbox 87 1510 288 1559; x_wconf 76' lang='lat' dir='ltr'>nonnifi</span> <span class='ocrx_word' id='word_1_127' title='bbox 304 1544 322 1571; x_wconf 93' lang='lat'>,</span> <span class='ocrx_word' id='word_1_128' title='bbox 348 1525 415 1559; x_wconf 87' lang='lat' dir='ltr'>ut</span> <span class='ocrx_word' id='word_1_129' title='bbox 438 1511 711 1577; x_wconf 83' lang='lat' dir='ltr'>plin-imum</span> <span class='ocrx_word' id='word_1_130' title='bbox 733 1513 1032 1564; x_wconf 87' lang='lat' dir='ltr'>soloecismis</span> <span class='ocrx_word' id='word_1_131' title='bbox 1062 1511 1114 1560; x_wconf 74' lang='grc' dir='ltr'>ὃ(</span> <span class='ocrx_word' id='word_1_132' title='bbox 1136 1513 1452 1561; x_wconf 77' lang='lat' dir='ltr'>barbarismis</span> 
     </span>
    </p>

    <p class='ocr_par' dir='ltr' id='par_1_4' title="bbox 30 1578 1492 2201">
     <span class='ocr_line' id='line_1_20' title="bbox 30 1578 1455 1651; baseline 0.002 -23"><span class='ocrx_word' id='word_1_133' title='bbox 30 1578 35 1582; x_wconf 68' lang='grc'><em>’</em></span> <span class='ocrx_word' id='word_1_134' title='bbox 91 1581 433 1650; x_wconf 85' lang='lat' dir='ltr'>inquinatum</span> <span class='ocrx_word' id='word_1_135' title='bbox 444 1586 513 1644; x_wconf 86' lang='lat' dir='ltr'>e),</span> <span class='ocrx_word' id='word_1_136' title='bbox 552 1581 876 1650; x_wconf 87' lang='lat' dir='ltr'>frequentius</span> <span class='ocrx_word' id='word_1_137' title='bbox 905 1599 1072 1651; x_wconf 85' lang='lat' dir='ltr'>autem</span> <span class='ocrx_word' id='word_1_138' title='bbox 1099 1582 1291 1646; x_wconf 87' lang='lat' dir='ltr'>multo,</span> <span class='ocrx_word' id='word_1_139' title='bbox 1313 1584 1455 1650; x_wconf 88' lang='lat' dir='ltr'>quod</span> 
     </span>
     <span class='ocr_line' id='line_1_21' title="bbox 92 1652 1456 1722; baseline -0.003 -18"><span class='ocrx_word' id='word_1_140' title='bbox 92 1652 308 1715; x_wconf 67' lang='lat' dir='ltr'>iniretis,</span> <span class='ocrx_word' id='word_1_141' title='bbox 324 1668 354 1702; x_wconf 88' lang='lat' dir='ltr'>a</span> <span class='ocrx_word' id='word_1_142' title='bbox 375 1656 574 1715; x_wconf 78' lang='lat' dir='ltr'>TurciS,</span> <span class='ocrx_word' id='word_1_143' title='bbox 594 1654 769 1721; x_wconf 89' lang='lat' dir='ltr'>populi</span> <span class='ocrx_word' id='word_1_144' title='bbox 788 1657 1074 1722; x_wconf 80' lang='lat' dir='ltr'>Hungaric‘r</span> <span class='ocrx_word' id='word_1_145' title='bbox 1093 1653 1144 1703; x_wconf 86' lang='lat'>&amp;</span> <span class='ocrx_word' id='word_1_146' title='bbox 1164 1653 1456 1705; x_wconf 86' lang='lat' dir='ltr'>libertatum</span> 
     </span>
     <span class='ocr_line' id='line_1_22' title="bbox 97 1723 1457 1793; baseline 0 -23"><span class='ocrx_word' id='word_1_147' title='bbox 97 1723 204 1786; x_wconf 71' lang='lat' dir='ltr'>ejus</span> <span class='ocrx_word' id='word_1_148' title='bbox 239 1723 431 1787; x_wconf 86' lang='lat' dir='ltr'>injustis</span> <span class='ocrx_word' id='word_1_149' title='bbox 459 1723 510 1771; x_wconf 86' lang='lat'>&amp;</span> <span class='ocrx_word' id='word_1_150' title='bbox 552 1726 764 1775; x_wconf 85' lang='lat' dir='ltr'>barbaris</span> <span class='ocrx_word' id='word_1_151' title='bbox 801 1726 1207 1793; x_wconf 69' lang='lat' dir='ltr'>oppressoribus»,</span> <span class='ocrx_word' id='word_1_152' title='bbox 1243 1723 1338 1775; x_wconf 87' lang='lat' dir='ltr'>fuit</span> <span class='ocrx_word' id='word_1_153' title='bbox 1375 1725 1457 1773; x_wconf 90' lang='lat' dir='ltr'>ad-</span> 
     </span>
     <span class='ocr_line' id='line_1_23' title="bbox 93 1793 1454 1860; baseline 0.001 -19"><span class='ocrx_word' id='word_1_154' title='bbox 93 1793 315 1841; x_wconf 84' lang='lat' dir='ltr'>hibitum</span> <span class='ocrx_word' id='word_1_155' title='bbox 343 1794 432 1855; x_wconf 84' lang='lat' dir='ltr'>f).</span> <span class='ocrx_word' id='word_1_156' title='bbox 470 1795 697 1841; x_wconf 89' lang='lat' dir='ltr'>Unicum</span> <span class='ocrx_word' id='word_1_157' title='bbox 734 1795 955 1859; x_wconf 85' lang='lat' dir='ltr'>diploma</span> <span class='ocrx_word' id='word_1_158' title='bbox 984 1798 1181 1859; x_wconf 89' lang='lat' dir='ltr'>regium</span> <span class='ocrx_word' id='word_1_159' title='bbox 1221 1796 1454 1860; x_wconf 85' lang='lat' dir='ltr'>hungari-</span> 
     </span>
     <span class='ocr_line' id='line_1_24' title="bbox 31 1861 1455 1933; baseline -0.004 -15"><span class='ocrx_word' id='word_1_160' title='bbox 31 1917 33 1919; x_wconf 80' lang='grc'>,</span> <span class='ocrx_word' id='word_1_161' title='bbox 98 1878 157 1916; x_wconf 73' lang='lat' dir='ltr'>ce</span> <span class='ocrx_word' id='word_1_162' title='bbox 192 1861 534 1932; x_wconf 72' lang='lat' dir='ltr'>conscriptum</span> <span class='ocrx_word' id='word_1_163' title='bbox 571 1861 698 1912; x_wconf 87' lang='lat' dir='ltr'>illud</span> <span class='ocrx_word' id='word_1_164' title='bbox 729 1864 824 1927; x_wconf 84' lang='lat' dir='ltr'>est,</span> <span class='ocrx_word' id='word_1_165' title='bbox 865 1882 971 1932; x_wconf 89' lang='lat' dir='ltr'>quo</span> <span class='ocrx_word' id='word_1_166' title='bbox 1001 1863 1247 1933; x_wconf 73' lang='lat' dir='ltr'>josephus</span> <span class='ocrx_word' id='word_1_167' title='bbox 1274 1869 1339 1915; x_wconf 87' lang='grc' dir='ltr'>ΙΙ.</span> <span class='ocrx_word' id='word_1_168' title='bbox 1374 1882 1455 1913; x_wconf 85' lang='lat' dir='ltr'>an.</span> 
     </span>
     <span class='ocr_line' id='line_1_25' title="bbox 101 1933 1457 2002; baseline 0.002 -21"><span class='ocrx_word' id='word_1_169' title='bbox 101 1933 268 1998; x_wconf 51' lang='lat'><em>1789?</em></span> <span class='ocrx_word' id='word_1_170' title='bbox 285 1934 366 1986; x_wconf 91' lang='lat' dir='ltr'>die</span> <span class='ocrx_word' id='word_1_171' title='bbox 389 1943 480 1994; x_wconf 82' lang='lat'>18.</span> <span class='ocrx_word' id='word_1_172' title='bbox 508 1938 637 1987; x_wconf 89' lang='lat' dir='ltr'>Dec.</span> <span class='ocrx_word' id='word_1_173' title='bbox 673 1937 930 2001; x_wconf 85' lang='lat' dir='ltr'>Hungaris·</span> <span class='ocrx_word' id='word_1_174' title='bbox 972 1936 1190 1986; x_wconf 88' lang='lat' dir='ltr'>Comitia</span> <span class='ocrx_word' id='word_1_175' title='bbox 1225 1938 1457 2002; x_wconf 82' lang='lat' dir='ltr'>proxime</span> 
     </span>
     <span class='ocr_line' id='line_1_26' title="bbox 95 2003 1457 2071; baseline 0.001 -18"><span class='ocrx_word' id='word_1_176' title='bbox 95 2005 368 2056; x_wconf 76' lang='lat' dir='ltr'>indicenda</span> <span class='ocrx_word' id='word_1_177' title='bbox 390 2005 459 2055; x_wconf 89' lang='lat' dir='ltr'>est</span> <span class='ocrx_word' id='word_1_178' title='bbox 495 2003 774 2070; x_wconf 83' lang='lat' dir='ltr'>pollicitus</span> <span class='ocrx_word' id='word_1_179' title='bbox 816 2034 886 2047; x_wconf 91' lang='lat'><strong>—</strong></span> <span class='ocrx_word' id='word_1_180' title='bbox 925 2007 1160 2058; x_wconf 83' lang='lat' dir='ltr'>Germani</span> <span class='ocrx_word' id='word_1_181' title='bbox 1186 2008 1457 2071; x_wconf 83' lang='lat' dir='ltr'>Hungariae</span> 
     </span>
     <span class='ocr_line' id='line_1_27' title="bbox 98 2074 1492 2142; baseline -0.001 -18"><span class='ocrx_word' id='word_1_182' title='bbox 98 2076 259 2137; x_wconf 79' lang='lat' dir='ltr'>cives,</span> <span class='ocrx_word' id='word_1_183' title='bbox 280 2076 458 2126; x_wconf 84' lang='lat' dir='ltr'>saeculo</span> <span class='ocrx_word' id='word_1_184' title='bbox 486 2081 586 2126; x_wconf 90' lang='lat' dir='ltr'>XV.</span> <span class='ocrx_word' id='word_1_185' title='bbox 604 2076 655 2124; x_wconf 87' lang='lat'>&amp;</span> <span class='ocrx_word' id='word_1_186' title='bbox 684 2081 859 2142; x_wconf 90' lang='lat' dir='ltr'>prouti</span> <span class='ocrx_word' id='word_1_187' title='bbox 882 2074 986 2126; x_wconf 90' lang='lat' dir='ltr'>non</span> <span class='ocrx_word' id='word_1_188' title='bbox 1015 2086 1208 2126; x_wconf 89' lang='lat' dir='ltr'>temere</span> <span class='ocrx_word' id='word_1_189' title='bbox 1234 2077 1457 2142; x_wconf 86' lang='lat' dir='ltr'>suspicor</span> <span class='ocrx_word' id='word_1_190' title='bbox 1488 2118 1492 2123; x_wconf 86' lang='lat'>.</span> 
     </span>
     <span class='ocr_line' id='line_1_28' title="bbox 97 2146 1456 2213; baseline 0.002 -21"><span class='ocrx_word' id='word_1_191' title='bbox 97 2149 340 2201; x_wconf 79' lang='lat' dir='ltr'>maturius</span> <span class='ocrx_word' id='word_1_192' title='bbox 366 2150 566 2213; x_wconf 83' lang='lat' dir='ltr'>adhuc,</span> <span class='ocrx_word' id='word_1_193' title='bbox 602 2146 764 2196; x_wconf 82' lang='lat' dir='ltr'>literis</span> <span class='ocrx_word' id='word_1_194' title='bbox 818 2161 1182 2197; x_wconf 86' lang='lat' dir='ltr'>contraxerunt</span> <span class='ocrx_word' id='word_1_195' title='bbox 1243 2146 1456 2197; x_wconf 71' lang='lat' dir='ltr'>diale&amp;o</span> 
     </span>
    </p>
   </div>
   <div class='ocr_carea' id='block_1_3' title="bbox 29 2211 1548 2290">
    <p class='ocr_par' dir='ltr' id='par_1_5' title="bbox 29 2211 1548 2290">
     <span class='ocr_line' id='line_1_29' title="bbox 29 2211 1548 2290; baseline -0.005 -19"><span class='ocrx_word' id='word_1_196' title='bbox 29 2267 36 2276; x_wconf 84' lang='grc'><em>,</em></span> <span class='ocrx_word' id='word_1_197' title='bbox 99 2211 213 2281; x_wconf 77' lang='lat' dir='ltr'>ipfis</span> <span class='ocrx_word' id='word_1_198' title='bbox 239 2220 437 2284; x_wconf 85' lang='lat' dir='ltr'>propria</span> <span class='ocrx_word' id='word_1_199' title='bbox 467 2224 549 2290; x_wconf 80' lang='lat' dir='ltr'>g.)</span> <span class='ocrx_word' id='word_1_200' title='bbox 580 2223 702 2272; x_wconf 87' lang='lat' dir='ltr'>Nec</span> <span class='ocrx_word' id='word_1_201' title='bbox 733 2233 912 2283; x_wconf 87' lang='lat' dir='ltr'>regum</span> <span class='ocrx_word' id='word_1_202' title='bbox 930 2220 1057 2273; x_wconf 85' lang='lat' dir='ltr'>adeo</span> <span class='ocrx_word' id='word_1_203' title='bbox 1088 2220 1316 2282; x_wconf 83' lang='lat' dir='ltr'>ejusdem</span> <span class='ocrx_word' id='word_1_204' title='bbox 1342 2221 1460 2280; x_wconf 85' lang='lat' dir='ltr'>aevi‚</span> <span class='ocrx_word' id='word_1_205' title='bbox 1540 2225 1548 2230; x_wconf 82' lang='grc'><em>”</em></span> 
     </span>
    </p>
   </div>
   <div class='ocr_carea' id='block_1_4' title="bbox 20 2238 1458 2501">
    <p class='ocr_par' dir='ltr' id='par_1_6' title="bbox 20 2238 1458 2500">
     <span class='ocr_line' id='line_1_30' title="bbox 28 2238 1458 2355; baseline 0.003 -21"><span class='ocrx_word' id='word_1_206' title='bbox 28 2293 41 2304; x_wconf 80' lang='lat'><em>&#39;</em></span> <span class='ocrx_word' id='word_1_207' title='bbox 100 2302 146 2335; x_wconf 89' lang='lat' dir='ltr'>e.</span> <span class='ocrx_word' id='word_1_208' title='bbox 183 2301 231 2334; x_wconf 83' lang='lat' dir='ltr'>e.</span> <span class='ocrx_word' id='word_1_209' title='bbox 265 2238 558 2339; x_wconf 85' lang='lat' dir='ltr'>Elisabethae</span> <span class='ocrx_word' id='word_1_210' title='bbox 599 2288 799 2337; x_wconf 88' lang='lat' dir='ltr'>Alberti</span> <span class='ocrx_word' id='word_1_211' title='bbox 852 2293 996 2355; x_wconf 80' lang='lat' dir='ltr'>regis</span> <span class='ocrx_word' id='word_1_212' title='bbox 1024 2291 1220 2352; x_wconf 70' lang='lat' dir='ltr'>viduae,</span> <span class='ocrx_word' id='word_1_213' title='bbox 1273 2289 1458 2339; x_wconf 83' lang='lat' dir='ltr'>desunt</span> 
     </span>
     <span class='ocr_line' id='line_1_31' title="bbox 98 2356 1450 2427; baseline 0 -21"><span class='ocrx_word' id='word_1_214' title='bbox 98 2356 259 2413; x_wconf 79' lang='lat' dir='ltr'>literae</span> <span class='ocrx_word' id='word_1_215' title='bbox 278 2360 626 2420; x_wconf 63' lang='lat' dir='ltr'>Germanicae,</span> <span class='ocrx_word' id='word_1_216' title='bbox 654 2375 775 2425; x_wconf 86' lang='lat' dir='ltr'>quas</span> <span class='ocrx_word' id='word_1_217' title='bbox 807 2359 922 2408; x_wconf 85' lang='lat' dir='ltr'>vel·</span> <span class='ocrx_word' id='word_1_218' title='bbox 914 2363 1196 2411; x_wconf 83' lang='lat' dir='ltr'>·Germanis</span> <span class='ocrx_word' id='word_1_219' title='bbox 1232 2364 1343 2427; x_wconf 66' lang='lat' dir='ltr'>Jure</span> <span class='ocrx_word' id='word_1_220' title='bbox 1385 2361 1450 2406; x_wconf 83' lang='lat' dir='ltr'>ci-</span> 
     </span>
     <span class='ocr_line' id='line_1_32' title="bbox 20 2424 1455 2501; baseline -0.001 -23"><span class='ocrx_word' id='word_1_221' title='bbox 20 2424 27 2431; x_wconf 76' lang='grc'><strong>’</strong></span> <span class='ocrx_word' id='word_1_222' title='bbox 98 2430 265 2483; x_wconf 79' lang='lat' dir='ltr'>vitatis</span> <span class='ocrx_word' id='word_1_223' title='bbox 312 2426 599 2496; x_wconf 70' lang='lat' dir='ltr'>hungaiicae</span> <span class='ocrx_word' id='word_1_224' title='bbox 658 2431 992 2501; x_wconf 84' lang='lat' dir='ltr'>gaudentibus</span> <span class='ocrx_word' id='word_1_225' title='bbox 1048 2432 1455 2500; x_wconf 73' lang='lat' dir='ltr'>inscripserunt,</span> 
     </span>
    </p>
   </div>
   <div class='ocr_carea' id='block_1_5' title="bbox 0 2497 1454 2567">
    <p class='ocr_par' dir='ltr' id='par_1_7' title="bbox 0 2497 1454 2567">
     <span class='ocr_line' id='line_1_33' title="bbox 0 2497 1454 2567; baseline -0.003 -16"><span class='ocrx_word' id='word_1_226' title='bbox 0 2533 2 2536; x_wconf 92' lang='lat'><em>-</em></span> <span class='ocrx_word' id='word_1_227' title='bbox 29 2521 54 2535; x_wconf 46' lang='lat'>-&#39;</span> <span class='ocrx_word' id='word_1_228' title='bbox 98 2499 184 2553; x_wconf 66' lang='lat' dir='ltr'>vel</span> <span class='ocrx_word' id='word_1_229' title='bbox 213 2516 325 2567; x_wconf 87' lang='lat' dir='ltr'>quae</span> <span class='ocrx_word' id='word_1_230' title='bbox 363 2503 437 2553; x_wconf 83' lang='lat' dir='ltr'>ab</span> <span class='ocrx_word' id='word_1_231' title='bbox 451 2502 570 2564; x_wconf 88' lang='lat' dir='ltr'>illis,</span> <span class='ocrx_word' id='word_1_232' title='bbox 598 2518 642 2552; x_wconf 93' lang='lat' dir='ltr'>e</span> <span class='ocrx_word' id='word_1_233' title='bbox 670 2517 712 2549; x_wconf 88' lang='lat' dir='ltr'>c.</span> <span class='ocrx_word' id='word_1_234' title='bbox 738 2497 954 2556; x_wconf 78' lang='lat' dir='ltr'>Matthia</span> <span class='ocrx_word' id='word_1_235' title='bbox 971 2505 1216 2565; x_wconf 74' lang='lat' dir='ltr'>Corvin0‚</span> <span class='ocrx_word' id='word_1_236' title='bbox 1245 2504 1306 2550; x_wconf 87' lang='lat' dir='ltr'>ad</span> <span class='ocrx_word' id='word_1_237' title='bbox 1332 2501 1454 2548; x_wconf 85' lang='lat' dir='ltr'>vici-</span> 
     </span>
    </p>
   </div>
   <div class='ocr_carea' id='block_1_6' title="bbox 101 2574 1458 2710">
    <p class='ocr_par' dir='ltr' id='par_1_8' title="bbox 101 2574 1458 2710">
     <span class='ocr_line' id='line_1_34' title="bbox 101 2574 1453 2643; baseline -0.002 -22"><span class='ocrx_word' id='word_1_238' title='bbox 101 2587 190 2621; x_wconf 80' lang='lat' dir='ltr'>nas</span> <span class='ocrx_word' id='word_1_239' title='bbox 223 2575 497 2622; x_wconf 67' lang='lat' dir='ltr'>Germaniae</span> <span class='ocrx_word' id='word_1_240' title='bbox 535 2574 851 2639; x_wconf 84' lang='lat' dir='ltr'>provincias,</span> <span class='ocrx_word' id='word_1_241' title='bbox 889 2575 965 2625; x_wconf 84' lang='lat' dir='ltr'>ad·-</span> <span class='ocrx_word' id='word_1_242' title='bbox 981 2577 1145 2643; x_wconf 85' lang='lat' dir='ltr'>Regni</span> <span class='ocrx_word' id='word_1_243' title='bbox 1182 2574 1453 2638; x_wconf 83' lang='lat' dir='ltr'>Hungariae</span> 
     </span>
     <span class='ocr_line' id='line_1_35' title="bbox 105 2638 1458 2710; baseline 0 -20"><span class='ocrx_word' id='word_1_244' title='bbox 105 2638 355 2698; x_wconf 81' lang='lat' dir='ltr'>Coronam</span> <span class='ocrx_word' id='word_1_245' title='bbox 389 2657 514 2693; x_wconf 84' lang='lat' dir='ltr'>tunc</span> <span class='ocrx_word' id='word_1_246' title='bbox 537 2645 865 2710; x_wconf 80' lang='lat' dir='ltr'>pertinentes</span> <span class='ocrx_word' id='word_1_247' title='bbox 867 2678 884 2705; x_wconf 87' lang='lat'>‚</span> <span class='ocrx_word' id='word_1_248' title='bbox 922 2645 1045 2693; x_wconf 78' lang='lat' dir='ltr'>datae</span> <span class='ocrx_word' id='word_1_249' title='bbox 1078 2644 1205 2695; x_wconf 85' lang='lat' dir='ltr'>sunt.</span> <span class='ocrx_word' id='word_1_250' title='bbox 1255 2671 1324 2689; x_wconf 54' lang='lat' dir='ltr'>n·-</span> <span class='ocrx_word' id='word_1_251' title='bbox 1372 2641 1458 2691; x_wconf 78' lang='lat' dir='ltr'>Bo⁴</span> 
     </span>
    </p>
   </div>
   <div class='ocr_carea' id='block_1_7' title="bbox 101 2704 1458 2839">
    <p class='ocr_par' dir='ltr' id='par_1_9' title="bbox 101 2704 1458 2839">
     <span class='ocr_line' id='line_1_36' title="bbox 101 2704 1458 2835; baseline -0.007 -66"><span class='ocrx_word' id='word_1_252' title='bbox 101 2710 219 2773; x_wconf 65' lang='lat' dir='ltr'>bema·</span> <span class='ocrx_word' id='word_1_253' title='bbox 237 2704 355 2771; x_wconf 79' lang='lat' dir='ltr'><strong>saec.</strong></span> <span class='ocrx_word' id='word_1_254' title='bbox 380 2719 481 2769; x_wconf 84' lang='lat' dir='ltr'>XV.</span> <span class='ocrx_word' id='word_1_255' title='bbox 522 2715 609 2764; x_wconf 88' lang='lat' dir='ltr'>sub</span> <span class='ocrx_word' id='word_1_256' title='bbox 638 2714 872 2787; x_wconf 78' lang='lat' dir='ltr'>auspiciis</span> <span class='ocrx_word' id='word_1_257' title='bbox 924 2715 1115 2774; x_wconf 78' lang='lat' dir='ltr'>Giskrae</span> <span class='ocrx_word' id='word_1_258' title='bbox 1178 2712 1361 2835; x_wconf 68' lang='lat' dir='ltr'>ducssst</span> <span class='ocrx_word' id='word_1_259' title='bbox 1370 2715 1458 2765; x_wconf 58' lang='lat' dir='ltr'>do«,</span> 
     </span>
     <span class='ocr_line' id='line_1_37' title="bbox 1226 2802 1385 2839; baseline 0 0"><span class='ocrx_word' id='word_1_260' title='bbox 1226 2802 1307 2839; x_wconf 84' lang='lat' dir='ltr'>me</span> <span class='ocrx_word' id='word_1_261' title='bbox 1349 2802 1385 2838; x_wconf 87' lang='lat'>1.</span> 
     </span>
    </p>
   </div>
  </div>
 </body>
</html>
