1786 3002
77 465 170 503 ‘cmx
186 467 221 503 in
243 469 336 505 chat-j
395 495 397 498 -

76 536 122 570 tis
176 537 334 574 domesti-

73 604 137 643 (ifle

415 233 536 284 130
607 221 846 270 DIPLOM.
885 217 1022 267 PARS
1061 220 1125 267 ΙΙ.
1165 227 1472 274 εΕΜῐότιεΑ.

914 358 970 426 §·
1045 368 1128 419 33.

488 478 547 522 ln
577 476 835 538 Hungaria
868 473 1028 540 figura
1058 478 1216 525 crucis
1235 477 1708 543 ordinaria‚,quan·-

348 561 460 594 tum
506 561 533 593 e
567 548 742 612 paucis
791 543 1211 613 subscriptionum
1250 542 1708 615 exemplis'colligi

344 615 506 686 potest
538 656 554 682 ,
605 632 854 682 perpetuo
889 619 1110 666 obtinuit
1135 652 1155 681 ‚
1213 617 1383 667 colore
1422 615 1574 677 nullo„
1615 635 1706 668 un-

345 704 502 757 quam
525 686 622 735 alio
650 703 802 753 quam
835 700 944 754 atro
977 689 1028 737 &
1062 687 1256 754 vulgari
1279 686 1492 754 depffiffl.
1530 692 1704 739 Exem—

343 759 428 826 pla
465 758 552 807 ista
606 764 630 822 (
661 759 747 806 nifi
802 757 1104 809 Dalmatiam
1151 764 1301 809 etiam
1340 761 1659 828 respiciamus
1688 796 1706 822 ‚

343 833 445 882 ubi,
473 829 577 878 stec.
627 831 738 878 XII.
784 830 949 879 adhuc
988 826 1273 898 frequentia
1319 830 1469 895 sunt)
1534 848 1562 880 e
1602 829 1706 880 solo

344 901 451 950 fere
478 914 675 949 tantum
701 899 879 949 saeculo
901 903 983 950 XI.
1012 901 1281 968 superant}
1312 905 1540 970 quamvis
1568 904 1705 952 enim
1771 919 1776 923 ⁷

344 974 449 1021 ἷξες.
480 975 589 1020 ΧΠ.
636 970 783 1021 testes
819 971 1120 1039 subscriptos
1150 975 1312 1026 adhuc
1339 972 1513 1040 ‚passim
1547 980 1597 1025 in
1633 977 1707 1024 in-

341 1045 626 1093 strumentis
672 1043 956 1092 domesticis
1001 1045 1370 1094 observaverim
1395 1080 1412 1108 ,
1464 1047 1709 1099 laudantes

337 1117 398 1167 89³
433 1114 756 1182 confirmantes
785 1129 1139 1180 argumentum
1186 1117 1465 1165 eorundem
1492 1119 1582 1178 d),
1621 1132 1705 1165 eo-

338 1189 458 1235 dem
489 1202 658 1235 tamen
691 1187 856 1235 adhuc
886 1185 1097 1248 saeculo,
1136 1190 1295 1236 immo
1327 1189 1408 1235 XI.
1447 1187 1573 1236 adeo
1606 1189 1702 1250 jam

335 1275 450 1309 mos
495 1270 734 1322 receptus
791 1255 886 1319 est,
946 1257 1177 1307 solemnis
1226 1257 1393 1324 postea
1440 1273 1528 1323 per
1564 1254 1704 1322 plura

259 1354 263 1359 ·
338 1325 532 1389 saecula,
569 1344 686 1377 cum
717 1330 771 1376 in
790 1332 988 1394 Regum
1027 1328 1350 1378 cancellariis
1370 1364 1387 1391 ‚
1422 1340 1533 1376 tum
1558 1327 1704 1392 Cap'i-

336 1400 563 1451 tulorum
591 1401 743 1448 etiam
781 1398 832 1447 &
873 1398 1087 1460 aliorum
1112 1399 1399 1462 Scribam,
1440 1399 1542 1464 (fic
1579 1401 1703 1448 Can-

339 1471 566 1522 cellarias
603 1471 918 1533 vocabant,)
960 1484 1020 1519 ut
1048 1475 1291 1520 Notarius
1321 1475 1374 1521 in
1405 1469 1611 1537 epilogo
1648 1468 1707 1518 *li-

319 1559 588 1605 ,terarum,
645 1543 883 1592 continua
929 1539 1069 1602 serie,
1112 1541 1348 1603 testium,
1388 1540 1702 1606 praesentium

336 1618 474 1682 prius
523 1627 751 1673 tantum,
802 1609 986 1676 postea,
1024 1614 1193 1676 prouti
1222 1627 1266 1658 e.
1309 1626 1352 1657 c.
1390 1612 1444 1657 in
1479 1608 1705 1656 solemni·

339 1687 431 1733 bus
446 1691 640 1748 Regum
665 1681 942 1730 nostrorum
969 1679 1350 1745 diplomatibus,
1371 1681 1419 1727 id
1441 1680 1701 1744 hodieque

336 1755 790 1821 in-Episcoporum
840 1751 891 1800 &
928 1754 1074 1815 regni
1102 1754 1416 1816 OptImatum
1454 1749 1701 1818 recensio-3
1732 1760 1737 1762 ·

337 1844 403 1877 ne
439 1826 788 1883 observamus,
827 1821 1103 1871 absentium
1133 1826 1344 1889 quoque
1380 1823 1584 1869 nomina
1626 1836 1700 1868 re-

339 1897 601 1958 censeret,
640 1892 781 1942 nullo
815 1895 980 1941 crucis
1012 1893 1149 1956 {igno
1177 1894 1381 1954 addito,
1426 1892 1700 1940 communi·

336 1984 413 2020 ter
451 1970 604 2019 etiam
645 1964 814 2029 figillis
856 1962 1147 2011 testantium
1193 1963 1241 2010 &
1285 1964 1699 2011 contrahentium

335 2039 622 2090 absentibus
653 2053 669 2092 ;
723 2032 894 2098 sigillis
936 2034 1173 2101 Judicum
1212 2035 1392 2097 regni,
1441 2030 1697 2098 Capitulo-

333 2125 548 2177 rumque
591 2107 641 2154 ὅ(
682 2108 1042 2154 Conventuum
1068 2139 1085 2165 ‚
1124 2118 1293 2154 coram
1333 2105 1522 2168 quibus
1575 2120 1696 2152 con·

333 2184 563 2242 trahere,
604 2178 861 2240 Hungaris
888 2173 1152 2241 nunquam
1177 2190 1279 2223 non
1310 2171 1529 2223 solemne
1570 2184 1692 2234 erat,

332 2252 515 2302 facium
565 2266 715 2298 omne
748 2247 945 2295 abunde
988 2245 1469 2312 comprobantibus,
1526 2243 1694 2294 donee

332 2324 536 2373 tandem
577 2324 701 2368 ritus
746 2317 1118 2376 subscribendi,
1157 2318 1216 2364 ab
1257 2313 1378 2375 illo,
1419 2330 1571 2380 quem
1611 2316 1694 2364 hic

331 2387 634 2458 attigimus,
690 2387 844 2455 paulo
892 2386 1112 2445 diversus
1146 2422 1162 2448 ‚
1215 2386 1266 2432 &
1313 2386 1376 2432 de
1424 2403 1527 2452 quo
1573 2383 1700 2434 alibf

331 2465 537 2518 dicendi
553 2461 694 2510 locus
727 2461 858 2522 erit,
901 2458 1005 2507 [bec.
1040 2461 1139 2508 XV.
1181 2455 1231 2507 ,δε
1259 2459 1386 2506 XVI.
1420 2455 1687 2508 revivisce·

327 2550 406 2584 ret
445 2548 643 2582 iterum.
1646 2557 1650 2561 -

383 2636 423 2682 a)
447 2639 622 2674 LUCIUS
643 2631 686 2669 de
711 2610 828 2679 regno
859 2629 1080 2670 Dalmatiae
1107 2626 1138 2666 ὃ·
1171 2625 1339 2667 Croatiae
1375 2625 1461 2667 Lib.
1495 2621 1579 2666 III.
1596 2638 1690 2681 cap.

453 2691 525 2734 1V,
544 2695 758 2728 FARLATl
791 2686 991 2739 Illyricum
1012 2686 1185 2736 sucrum,
1204 2684 1326 2725 Tom.
1354 2682 1431 2722 111.
1466 2698 1504 2737 p.
1539 2683 1635 2732 ¹74·

1486 2830 1614 2877 CA·
