1786 3002
433 232 534 302 18⁴6
614 232 850 278 D1PLOM.
887 228 1022 275 PARS
1062 214 1129 274 11'.
1170 225 1478 275 semron-rem

358 384 463 436 quo
491 366 573 416 vel
604 370 656 416 in
692 365 854 429 facie,
886 365 976 415 vel
1002 368 1056 415 in
1092 379 1238 431 tergo
1264 362 1579 431 diplomatiS,
1619 361 1714 413 filis

357 440 747 489 membranaceis
791 453 880 504 per
924 439 1150 488 medium
1198 435 1455 503 diploma,
1494 438 1564 500 *in
1611 453 1714 502 par-

355 525 457 561 tem
495 509 700 560 alteram
730 505 1047 573 transmiffis,
1082 509 1486 573 inprimebantur
1526 507 1718 574 sigilla,

356 599 460 632 non
491 580 871 648 infrequentem
897 576 1029 629 inter
1049 586 1314 644 Hungaros
1343 577 1514 643 fuiffe‚
1551 594 1719 630 exem-

355 654 449 721 plis
483 667 679 702 certum
716 651 799 700 est.
837 654 903 700 Et
941 653 994 700 in
1033 650 1234 703 adversa
1269 652 1481 719 quidem
1519 652 1718 717 impres-

358 726 436 785 sa,
473 727 536 772 ad
574 722 765 771 calcem
791 722 1051 774 literarum
1077 720 1261 788 rejetsta
1294 723 1522 771 medium
1568 739 1724 773 occu-

357 808 494 863 pant.
573 797 691 842 Guae
737 808 884 859 tergo
931 795 1241 862 adglutinata
1289 794 1402 843 sunt
1441 793 1674 844 nostratia
1701 831 1720 857 ‚

359 883 475 915 cum
530 867 718 931 majora
762 880 877 916 tum
930 870 1127 918 minora
1177 869 1325 916 etiam
1363 900 1381 927 ‚
1454 869 1721 933 regionem

360 935 603 1003 equidem
640 931 858 1003 palarem
907 935 988 987 seu
1033 941 1253 988 mediam
1291 950 1497 996 tenent,
1520 966 1524 973 ‚
1549 940 1618 986 ita
1649 950 1722 987 ta-

359 1025 511 1070 men,
550 1022 609 1056 ut
640 1010 745 1057 haec
789 1008 1087 1078 plerumque
1128 1011 1268 1078 supra
1307 1021 1535 1058 centrum
1579 1006 1720 1058 affur-

352 1092 513 1145 gant‚
570 1077 1043 1133 illa.contra·infra
1078 1081 1204 1131 illud
1238 1081 1330 1140 (int
1356 1080 1586 1147 depofita.
1662 1082 1723 1130 ln

359 1153 592 1200 Archivo
617 1153 750 1200 urbis
769 1153 1305 1218 Soproniensislite-ras
1326 1154 1525 1216 Regum
1547 1151 1722 1214 Hung.

362 1222 467 1274 saec.
496 1227 624 1272 XIV.
652 1225 779 1272 bene
808 1225 986 1276 multas
1022 1228 1149 1287 vidi,
1176 1230 1198 1286 (
1223 1224 1271 1272 ὅ(
1297 1216 1722 1288 hujusmodi‘Ma-

358 1296 446 1342 riae
473 1298 510 1342 1.
553 1311 765 1360 quoque
801 1297 898 1360 est,
941 1300 1078 1365 quod
1115 1313 1142 1345 e
1179 1294 1361 1345 Museo
1397 1292 1725 1343 Bibliothecae

360 1369 418 1416 R.
459 1369 523 1413 U.
572 1366 853 1417 desumtum
899 1371 1023 1419 Tab.
1064 1372 1127 1418 11.
1173 1371 1284 1433 Fig.
1338 1383 1416 1419 10.
1463 1362 1725 1431 repraesen-

360 1441 503 1505 tat,)
547 1454 758 1503 quarum
799 1454 946 1507 tergo
972 1440 1122 1507 sigilla
1164 1441 1354 1502 majora
1395 1435 1725 1501 majestatica,

363 1512 638 1557 diametro.
674 1509 992 1561 altitudinem
1042 1512 1256 1578 ipsarum
1294 1509 1553 1559 literarum
1599 1504 1723 1571 saepe

346 1583 716 1646 -adaequantia,
781 1582 1009 1648 impressa
1062 1583 1188 1629 sunt.
1263 1580 1512 1627 similium
1561 1591 1725 1622 exem-

361 1650 554 1716 plorum
596 1668 623 1700 e
660 1669 715 1699 re
756 1651 1081 1719 diplomatica
1108 1651 1309 1711 aliarum
1351 1648 1579 1713 gentium
1621 1658 1730 1691 me·

360 1737 470 1769 mor
507 1737 612 1770 non
658 1723 762 1771 sum
785 1727 842 1786 a)
867 1734 879 1771 e
920 1725 1017 1772 etsi
1042 1738 1146 1771 non
1172 1723 1403 1785 ignorem
1436 1716 1727 1764 inter-Ger·

359 1807 535 1841 manos
573 1792 726 1856 figissa
773 1797 1003 1856 minora,
1057 1806 1224 1859 neque
1255 1803 1425 1839 tamen
1456 1789 1728 1851 Imperato-

359 1879 468 1911 rum
511 1862 562 1910 &
591 1867 788 1931 Regum
828 1864 1172 1930 majestatica·²
1215 1863 1319 1927 (de
1356 1873 1574 1926 quorum
1613 1871 1733 1930 con-

362 1932 616 1999 trasigillis
643 1940 726 1987 nic
759 1935 917 1985 sermo
945 1952 1048 1984 non
1070 1934 1175 1994 est)
1219 1935 1273 1980 in
1301 1930 1445 1979 dorso
1470 1927 1725 1977 literarum

299 2005 303 2009 ’
363 2003 619 2069 expressa,
672 2009 851 2057 itidem
887 2024 914 2056 a
954 2001 1057 2055 saec.
1090 2008 1219 2052 XIV.
1253 2002 1510 2051 interdum
1552 2013 1726 2047 occur-

364 2091 474 2132 rere
522 2074 600 2138 b).
646 2085 801 2127 ‘Sunt
850 2093 1019 2127 autem
1045 2077 1130 2126 issa
1169 2087 1484 2142 quocunque
1520 2071 1724 2118 demum

364 2147 484 2195 loco
517 2148 768 2217 appressa,
809 2151 1076 2199 caducitati
1117 2146 1167 2196 &
1204 2142 1456 2209 fragilitati
1477 2156 1575 2205 prae
1605 2155 1724 2204 pen-

369 2217 501 2266 dulis
525 2224 764 2283 obnoxia,
808 2237 1028 2288 quorum
1067 2215 1408 2286 superficiem,
1459 2211 1491 2259 fi
1521 2211 1726 2257 minora

371 2289 560 2355 essent,
599 2294 827 2359 inprimis
861 2294 1100 2354 miniata,
1138 2289 1238 2337 fine
1267 2286 1425 2333 dubio
1456 2293 1726 2348 eapropter

370 2363 509 2428 prius
548 2380 695 2428 quam
751 2367 1001 2430 typariurn
1045 2362 1439 2416 admoveretur,
1478 2354 1537 2401 ab
1591 2352 1729 2399 exitu

369 2435 490 2494 inde
520 2432 679 2482 faeculi
704 2438 831 2483 XIV.
876 2431 1200 2499 (exemplum
1240 2429 1380 2495 quod
1418 2426 1541 2473 mihi
1580 2425 1725 2470 inno-

371 2511 472 2556 tuit
492 2509 709 2574 primum
743 2504 899 2555 literae
919 2506 1102 2555 habent
1127 2499 1439 2566 Sigismundi
1463 2495 1612 2575 Regi?
1644 2503 1737 2540 ειν

371 2582 425 2626 ni
461 2594 608 2641 1399.
637 2575 793 2641 sigillo
823 2576 1048 2626 annulari
1083 2568 1444 2630 communitae)
1486 2561 1739 2643 particula

341 2652 550 2698 'chartae
600 2649 883 2697 identidem
925 2650 1166 2712 obtegere
1211 2642 1364 2691 visum
1415 2637 1498 2687 est.
1572 2637 1725 2716 Dec-1-

372 2722 471 2769 dua
506 2721 567 2767 de
598 2718 788 2780 literis,
826 2721 939 2770 loco
962 2734 1115 2786 quem
1148 2721 1484 2779 occuparant,
1519 2703 1728 2768 vestigia

374 2807 635 2858 nunquam
690 2809 792 2841 non
841 2790 1170 2858 relinquunt,
1222 2800 1249 2833 e
1292 2795 1510 2852 quorum
1536 2777 1728 2894 anigcitu'
