1786 3002
22 529 245 575 'typariorum

20 599 172 634 vaxiatio.

373 240 474 291 1-50
549 229 785 293 DIPLoM.
821 228 957 275 PARS
996 228 1062 282 11.
1102 198 1407 280 samo‘rrelt.

769 368 900 436 5.
983 378 1096 427 108-

435 512 495 562 I’n
527 512 883 578 diplomatibus
924 518 1132 580 Regum.
1164 518 1377 580 Europae
1422 491 1643 564 'ante'sae-

296 584 466 634 culum
515 588 652 641 XIII.
691 584 824 635 nulla
862 589 1048 651 typarii
1080 589 1327 635 immutati
1361 585 1516 652 exstat
1539 594 1646 635 'me-

292 659 466 706 moria.
498 682 501 687 ,
541 659 617 716 Ex
660 671 765 722 quo
796 672 922 706 vero
953 657 1279 724 diplomatum
1317 660 1467 706 robur
1507 653 1646 706 domi

262 727 520 793 -forisque
555 729 609 776 in
641 727 810 792 figillis
835 731 961 795 poni
1007 725 1298 799 coepit{··'ob
1335 729 1648 794 eandemque

228 829 241 835 —
291 793 486 848 causam
530 801 681 849 etiam
717 798 917 848 fraudes
969 794 1295 867 sphragistieae
1336 797 1649 865 frequentio-

290 885 369 918 res
399 866 731 932 exstiterunt,
767 869 1079 938 frequentior
1110 874 1292 938 utique
1320 870 1415 918 effe
1455 872 1679 936 debuit,-

294 942 346 988 &
393 943 702 1007 typariorum
751 944 967 990 variatio
995 950 1015 1005 ,“
1080 942 1129 995 &
1175 943 1314 1008 quod
1372 940 1649 990 securitatis

290 1011 503 1078 publicae
543 1016 887 1077 maximopere
926 1014 1525 1075 intererat2variationis
1558 1015 1648 1066 hu7

289 1085 369 1149 jus
398 1085 667 1133 intimatio.
731 1087 1010 1149 Hungariae
1043 1099 1167 1149 ergo
1187 1089 1376 1149 RegeS,
1401 1085 1648 1148 praecipue

293 1154 399 1203 saec.
433 1147 563 1203 XIV>
603 1155 652 1203 ὅ(
690 1159 793 1204 XV.
833 1154 1042 1204 solemni
1083 1154 1252 1204 edicto
1289 1155 1340 1202 id
1378 1152 1476 1211 fitne
1508 1169 1650 1202 mora

289 1225 706 1293 promulgabant,
749 1229 1160 1293 quotiescunque
1209 1225 1409 1274 illorum
1440 1222 1651 1288 figulum

290 1296 374 1344 vel
414 1296 526 1345 casu
565 1312 669 1346 erat
709 1297 931 1346 amissum
966 1333 982 1358 ‚
1037 1296 1122 1346 vel
1169 1298 1232 1360 ob
1295 1309 1652 1362 quamcunque
1734 1316 1736 1318 ·

293 1367 489 1425 causam
514 1367 656 1416 aliam
698 1372 755 1431 a)
785 1367 1148 1426 reformatione
1183 1368 1421 1432 indiguit.
1470 1368 1534 1414 Et
1559 1366 1653 1430 pri-

291 1455 374 1488 ma
401 1440 607 1505 quidem
641 1438 782 1504 figilli
811 1438 1070 1500 novijob
1097 1439 1350 1505 perditum
1370 1437 1655 1503 antiquum,

294 1513 507 1569 mentio,
533 1509 807 1576 diplomate
833 1511 889 1559 fit
910 1514 1126 1559 Andreae
1142 1513 1204 1559 11.
1222 1510 1372 1572 Regis
1395 1505 1472 1555 an.
1508 1513 1658 1557 1216.

206 1590 220 1614 ἰ
299 1591 406 1646 quo
459 1579 641 1632 Tlmmae
672 1583 720 1630 C.
751 1579 992 1646 Nitrienfi'
1001 1582 1285 1629 donationem
1308 1591 1451 1631 terrae,
1469 1578 1655 1642 Bozyn,

285 1650 380 1718 sub
410 1656 561 1718 priori
578 1652 775 1721 stgillo,
826 1650 952 1719 quod
979 1655 1028 1699 in
1069 1648 1278 1713 occifione
1309 1649 1489 1716 regina
1535 1645 1656 1694 Ger·

295 1721 452 1773 trudis
469 1722 631 1781 ficerat
664 1721 901 1788 perditum
917 1756 933 1782 ‚
959 1709 1171 1783 fialam,
1239 1717 1354 1789 gillo
1401 1726 1517 1764 novo
1538 1729 1657 1761 con-

298 1791 583 1840 firmaverat
607 1790 683 1852 b).
751 1794 810 1840 In
846 1789 1005 1839 literis
1032 1788 1162 1836 Belae
1205 1791 1286 1836 lv.
1329 1784 1552 1850 nuspiam
1597 1785 1658 1831 si·-

281 1860 411 1928 gilli
447 1863 677 1917 innovati
717 1861 871 1910 exstat
895 1861 1167 1920 memoria,
1218 1859 1445 1924 quamvis
1489 1857 1540 1903 in
1582 1856 1660 1902 in-

300 1931 442 1982 felici
471 1931 556 1982 illa
581 1949 692 1980 cum
720 1931 980 1995 Mongolis
1012 1933 1073 1979 ad
1089 1945 1286 1978 amnem
1311 1922 1425 1990 Sajo
1456 1940 1657 1991 pugna,

301 2006 554 2070 typarium
606 2002 750 2066 figilli
789 2004 918 2066 regii
953 2037 969 2063 ‚
998 2017 1002 2023 ·
1035 2001 1294 2057 barbarum
1344 1994 1609 2045 detinuiffe
1638 2030 1658 2056 ‚

302 2073 562 2124 annalium
616 2073 714 2121 fide
762 2076 875 2136 (M.
926 2076 1185 2122 Rocmuus
1234 2069 1298 2118 de·
1331 2066 1656 2127 Destrufflone

302 2145 473 2216 Hung.
494 2158 578 2212 per
622 2143 856 2201 Tartarus
875 2145 1051 2210 sabla,
1090 2157 1197 2206 cap.
1232 2140 1446 2196 XXXI.)
1488 2133 1658 2199 explo-

303 2224 465 2263 ratum
495 2216 565 2264 fit.
638 2217 863 2263 Mutavit
907 2216 1059 2263 etiarn
1105 2208 1368 2260 Ladislaus-
1404 2210 1663 2275 Cumanus,

304 2285 514 2352 figill-um
557 2282 697 2334 suum
739 2289 824 2348 c);
862 2287 1086 2341 omnium
1129 2297 1251 2330 vero
1302 2274 1551 2343 safpiffime
1601 2277 1658 2324 in

300 2357 507 2423 judiciis
546 2354 821 2421 allegantur
860 2355 1124 2420 sigillorum
1159 2347 1322 2407 Caroli
1358 2352 1393 2397 Ι.
1434 2347 1659 2396 Ludovi-

304 2429 353 2476 ci
378 2431 415 2476 Ι.
459 2427 509 2474 &
538 2428 847 2491 Sigismundi
890 2432 1086 2491 Regum
1135 2422 1490 2472 innovationes
1526 2415 1655 2476 illae,

304 2514 429 2564 quas
473 2513 840 2548 WERBOECZIUS
887 2500 939 2546 in
995 2497 1199 2562 Tripart.
1233 2497 1285 2557 Ρ.
1325 2495 1388 2539 ΙΙ.
1423 2492 1526 2537 Tit.
1574 2501 1656 2549 14.

304 2582 663 2618 commemorat
714 2568 788 2631 d).
852 2569 1224 2616 Horum'enim
1277 2559 1539 2631 privilegii
1600 2559 1657 2636 {Ji

302 2643 442 2688 omni
483 2651 655 2708 carent
680 2680 693 2698 ‚
756 2638 841 2686 nifi
896 2655 923 2686 e
959 2636 1240 2704 praescripto
1274 2634 1445 2697 legum
1491 2626 1655 2692 sigillis

302 2712 580 2759 eorundem
611 2712 759 2760 novis
789 2711 1057 2775 approbata
1095 2706 1213 2755 fint:
1255 2720 1368 2771 quae
1399 2716 1512 2751 cum
1536 2714 1653 2746 con-

302 2783 428 2830 ditio
457 2785 635 2832 virtuti
666 2779 1050 2850 privilegiorum
1082 2783 1280 2844 Regum
1323 2770 1650 2851 saecttli·X'lII.

731 2876 733 2878 -
1088 2871 1090 2874 v
1426 2856 1582 2910 priori
