1786 3002
135 632 248 668 ‘restes
275 632 312 668 ln
331 632 396 670 ui·
436 611 443 616 ’

64 735 67 739 .
132 699 341 746 plomatssuu

130 769 259 815 Regii..

491 164 596 247 '304
664 159 903 232 Dn‘toM.
940 160 1080 233 PAns
1127 179 1218 237 111,
1263 164 1634 244 romaniam.

543 331 590 366 tu
622 324 748 365 Castri
776 323 1022 379 Huntizenfis
1053 304 1233 377 exemti,
1262 306 1387 384 atque
1414 331 1621 384 nobilibus
1644 332 1666 386 (
1682 332 1770 373 set-

540 382 774 433 viantibus)
804 382 940 437 Regni
971 386 1186 436 aggregati
1230 384 1338 429 sunt.
1528 405 1542 410 ,Δ

907 528 919 532 ·-
975 490 1030 559 §2
1106 501 1265 557 196.·

535 600 596 654 In
621 596 995 665 Diplomatibus
1022 604 1217 671 Regum
1239 609 1511 673 Hungariae
1541 607 1647 673 post
1669 613 1762 658 Re-

407 686 528 739 gum
556 672 761 719 nomina
791 670 1064 737 &titu105‚
1103 679 1190 744 qui
1218 679 1271 725 in
1299 678 1758 745 prologoffulgent²

405 743 506 792 fine
549 742 706 790 dubio
740 740 824 791 vel
855 748 1070 794 maxime
1102 746 1331 797 solemnis
1366 750 1512 815 (sae-c.
1544 754 1625 798 XI.
1652 754 1762 808 XII.

403 815 657 864 interdum
697 813 863 862 eidem
895 814 1111 882 prologo
1143 817 1365 882 inserta)
1404 837 1514 887 pars
1541 820 1627 870 illa
1661 823 1761 888 epi-

402 883 510 950 logi
545 883 645 946 est,
698 900 807 950 quae
844 885 1243 954 Episcoporum,
1298 894 1565 959 Regnique
1605 896 1759 945 Baros

401 971 563 1017 num,
615 970 711 1004 ceu
743 955 941 1005 testium
981 957 1260 1010 voluntatis
1299 963 1500 1029 Regiae,
1553 965 1761 1012 nomina

405 1027 456 1076 ὅ(
493 1029 738 1087 honores,
776 1025 922 1077 nullo
956 1032 1121 1081 crucis
1147 1030 1315 1082 aliove
1343 1031 1477 1096 {igno
1502 1032 1761 1098 praemiffO,

399 1099 594 1148 recitat.
667 1101 790 1147 Non
821 1099 1150 1151 recensentur
1174 1116 1344 1152 autem
1370 1101 1445 1150 illi
1477 1104 1759 1167 promiscue

400 1171 457 1219 in
485 1169 720 1218 omnibus
759 1172 952 1236 Regum
983 1170 1177 1237 literis,
1214 1184 1392 1222 verum
1413 1208 1428 1234 ‚
1468 1177 1639 1238 prouti
1666 1180 1760 1223 Ro‘·

399 1257 595 1290 manor.
628 1239 935 1290 Pontificum
964 1241 1139 1307 bullae,
1177 1260 1303 1311 quas
1329 1241 1651 1310 confilloriales
1674 1261 1762 1294 vo·

402 1327 572 1362 camus
614 1323 841 1374 tantum,
881 1328 908 1361 a
942 1313 1286 1365 cardinalibus
1330 1314 1602 1382 subscripta:
1633 1315 1758 1364 sunt:

397 1385 484 1449 ita·
509 1380 745 1450 Episcopi
785 1382 835 1431 &
885 1388 1106 1436 Batones
1144 1384 1308 1452 Regni
1347 1388 1620 1451 Hungariae
1656 1403 1760 1434 non

399 1454 490 1504 nifi
536 1455 590 1503 in
622 1457 864 1513 Decretis
904 1455 953 1518 &
996 1455 1307 1523 privilegiiS,
1363 1457 1422 1506 ad
1456 1472 1656 1506 ornnem
1690 1455 1757 1514 so-

397 1525 715 1582 lemnitatem
755 1526 1070 1592 compofiti3‚
1110 1528 1222 1577 sunt
1246 1529 1400 1576 obvii.
1462 1531 1574 1575 Huc
1603 1542 1752 1591 porro

354 1597 355 1603 ’
399 1611 660 1662 nunquam
698 1598 785 1662 ipfi
825 1612 1081 1661 manuque
1129 1598 1331 1661 propria
1363 1595 1439 1643 sua
1477 1595 1758 1644 intulerunt

397 1669 641 1726 nomina,
681 1682 793 1731 quae
827 1666 923 1713 {ive
951 1663 1203 1733 prcefimtes
1239 1663 1421 1727 essent,
1462 1665 1559 1712 five
1595 1663 1758 1730 absin-

393 1751 466 1791 tes
491 1772 508 1798 ‚
544 1738 786 1796 Notarius
823 1738 994 1800 potius
1022 1731 1159 1782 idem
1193 1734 1437 1796 inseruit,
1474 1736 1618 1799 'cujus
1658 1750 1755 1784 rna·

397 1822 469 1855 nu
509 1819 782 1855 contextus
838 1804 1154 1854 instrumenti
1205 1803 1428 1872 reliquus
1485 1803 1754 1871 descriptus

398 1877 481 1926 est.
518 1919 521 1922 .
553 1878 807 1943 Equidem
827 1878 1007 1942 ,primis
1031 1878 1179 1942 regni
1210 1877 1522 1942 temporibus
1554 1876 1756 1942 praesen-

398 1962 476 1998 tes
506 1947 620 1997 illos
651 1946 857 1997 consilio
890 1949 1067 2012 Regis,
1108 1952 1195 2012 (e.
1244 1960 1287 1995 c.
1322 1949 1376 1994 in
1418 1948 1573 1996 curiis
1602 1945 1755 1995 solen·

399 2020 598 2080 nibus)
658 2033 774 2068 cum
836 2030 1188 2083 argumentum
1244 2019 1531 2080 hujusmodi
1598 2015 1753 2084 diplo-

399 2102 589 2138 matum
622 2087 983 2153 discutiebatur
1024 2088 1072 2136 &
1111 2086 1471 2148 definiebatur,
1509 2086 1751 2136 interfuis-

400 2159 451 2210 se
483 2177 586 2209 non
620 2159 688 2209 est
721 2162 933 2208 dubium
968 2163 1062 2219 a);
1103 2158 1417 2225 postmodum
1451 2173 1573 2205 vero
1601 2156 1753 2221 absen-

398 2244 469 2282 tes
518 2233 664 2282 etiam
699 2230 789 2294 b),
829 2231 859 2278 fi
895 2231 1227 2280 comitiorum
1270 2232 1489 2277 Decreta
1531 2229 1751 2288 eximam,

398 2302 649 2365 honoris,
687 2304 938 2351 memoriae
972 2302 1187 2360 veteris,
1240 2300 1481 2365 temporis
1514 2299 1750 2357 notandi,

398 2366 706 2439 majorisque
751 2375 962 2422 omnino
999 2370 1316 2421 solemnitatis
1367 2367 1508 2418 causa
1549 2366 1748 2435 privile-

401 2445 498 2508 giis
535 2443 796 2509 subscripti
829 2457 1130 2509 occurrunt,
1169 2435 1639 2507 subscribunturque
1667 2438 1748 2485 ad-

400 2514 697 2580 hucusque‚
730 2517 798 2563 ita
835 2516 1069 2581 quidem,
1105 2509 1382 2563 utvseriem·
1421 2512 1746 2569 continuam,

400 2599 500 2650 qua
548 2582 595 2633 se
626 2587 926 2651 excipiunt,
988 2584 1214 2651 aperiant
1271 2578 1650 2646 Archiepiscopi
1695 2576 1745 2624 &

400 2654 647 2723 Episcopi,
679 2659 857 2720 (etiam
893 2656 1188 2706 vacantibus
1216 2653 1408 2702 sedibus
1439 2646 1741 2713 interjectis)

402 2723 670 2793 sequantur
697 2727 901 2778 demum
935 2727 1104 2793 Regni
1125 2725 1370 2775 Palatinus
1396 2730 1510 2772 cum
1541 2718 1747 2783 reliquis.

1513 2790 1676 2855 Regni
