1786 3002
305 258 410 314 380
754 250 1230 305 Dn’LOM'ATARmM

232 379 340 425 tem,
380 363 455 411 vel
495 365 618 412 hisce
637 365 807 423 literis,
845 386 960 434 quae
995 369 1039 416 in
1083 369 1210 418 felici
1247 365 1399 417 nostra.
1429 364 1669 416 exaltacio-

232 448 316 488 ne,
353 444 398 476 et
427 430 474 476 in
509 431 708 496 ingressu
738 434 796 478 ad
833 435 926 480 hoc
951 435 1156 500 Regnum
1182 434 1380 484 nostrum
1417 431 1669 498 pulcherri-

230 512 303 542 me
357 493 589 552 edidistis,
645 512 1006 563 commemorare
1053 498 1282 547 ‘statuimus
1315 536 1329 558 ,
1377 513 1421 546 et
1465 497 1671 562 inprimis

228 559 506 607 laudandam
544 559 692 618 illam,
731 577 775 610 et
811 561 939 611 nullo
988 580 1181 629 unquam
1225 563 1400 613 saeculo
1427 561 1670 610 delendam

228 624 529 671 constanciam
555 625 775 684 vestram,
808 645 941 693 quam
979 642 1085 675 tunc
1111 627 1267 685 nobis,
1296 645 1338 676 et
1373 629 1480 677 huic
1503 629 1667 692 Regno

226 689 383 737 nostro
426 689 697 756 declarastis,
722 693 1047 747 recensendam
1106 693 1325 740 duximus.
1397 696 1519 740 Nam
1559 693 1668 739 dum

226 753 537 818 superioribus
577 756 645 804 his
677 752 826 814 annis,
863 771 908 804 et
939 758 985 804 in
1027 755 1256 821 principio
1308 758 1541 824 regiminis
1580 773 1665 803 no-

224 816 299 866 stri
314 842 340 876 ,ι
363 819 476 867 varii
515 836 662 869 motus
697 821 909 886 variaque
950 821 1068 870 bella
1098 823 1308 886 potiundi
1343 824 1474 872 huius
1513 819 1666 886 Regni

160 891 162 893 ’
225 886 379 947 gracia
409 886 495 932 orti
542 884 752 944 fuissent,
805 900 848 932 et
883 885 1001 933 inter
1040 887 1150 934 alios
1181 886 1328 940 Princi
1367 905 1439 944 es,
1466 885 1666 933 Serenis-

225 948 361 997 fimus
406 950 623 1014 Princeps
701 952 935 1016 quondam
979 954 1222 1012 ,Dominus
1260 905 1479 999 Albertus
1525 948 1667 1015 Polo-

227 1016 329 1078 niae
366 1016 494 1072 Rex,
530 1018 685 1062 Frater
726 1014 880 1063 noster
926 1016 1201 1065 chariffimus
1238 1016 1381 1064 felicis
1402 1015 1665 1072 memoriae,

226 1095 332 1134 tunc
365 1079 663 1127 solummodo
711 1082 815 1127 Dux
861 1080 1079 1140 existens,
1130 1100 1233 1129 cum
1273 1080 1588 1138 valida‘manu
1613 1096 1666 1124 ac

224 1146 468 1194 numeroso
514 1146 709 1193 exercitu
755 1161 911 1194 contra
954 1164 1036 1195 nos
1083 1142 1251 1195 et'hoc
1279 1148 1488 1212 Regnum
1526 1143 1671 1190 ¹venis--

219 1209 283 1257 set
321 1247 335 1266 ‚
422 1212 601 1276 hocque
668 1210 815 1276 ipsum
878 1215 1086 1278 Regnum
1139 1211 1356 1268 ambiens,
1402 1211 1520 1256 inter
1579 1205 1667 1255 alia

224 1273 333 1322 loca
363 1311 376 1331 ,
437 1292 551 1337 quae
602 1275 690 1322 iam
744 1276 793 1322 in
841 1278 1124 1324 deditionem
1171 1277 1290 1323 suam
1345 1273 1663 1330 deueniffent,

219 1339 356 1386 etiam
416 1341 643 1387 ciuitatem
712 1339 835 1388 illam
890 1341 1220 1391 Cassoviensem
1284 1356 1510 1403 occupare
1586 1351 1669 1384 vo-

219 1403 347 1460 lens,
404 1405 639 1470 ipsamque
680 1404 742 1453 ob
787 1406 836 1452 id
882 1409 994 1454 dura
1032 1404 1276 1454 obsidione
1306 1399 1536 1461 cinxiffet3
1582 1418 1664 1450 vos

217 1484 323 1516 tunc
372 1470 597 1518 reuocatis
649 1471 695 1518 in
739 1471 891 1521 animo
934 1471 1128 1537 pristinis
1171 1468 1324 1519 vestris
1386 1465 1620 1516 virtutibus
1650 1502 1666 1526 ,

217 1551 328 1597 quas
363 1535 544 1599 semper
565 1572 577 1591 ‚
627 1551 671 1585 et
706 1535 988 1600 potissimum
1015 1538 1058 1585 in
1091 1530 1291 1585 aduersis
1326 1533 1456 1581 huius
1491 1532 1661 1595 Regni,

215 1598 332 1645 diuis
380 1600 638 1664 Hungariae
677 1601 879 1665 Regibus
910 1597 1332 1659 Praedecefforibus
1367 1595 1543 1655 nostris,
1571 1592 1660 1641 fin·

214 1679 319 1709 cera
349 1661 576 1714 [fidelitate
620 1682 871 1729 magnaque
911 1664 1225 1730 integritate„
1259 1676 1390 1708 more
1437 1658 1658 1726 progeni·-

211 1742 361 1781 torum
403 1727 651 1775 vestrorum
700 1727 978 1785 ostendistis,
1025 1725 1226 1775 statuistis
1263 1725 1476 1773 consueta
1510 1723 1654 1775 vestra

212 1793 466 1858 grauitate,
519 1807 562 1839 et
601 1790 711 1838 fidei
763 1791 1004 1850 firmitate,
1066 1791 1219 1841 omnia
1263 1803 1460 1838 extrema
1501 1789 1654 1855 potius
1718 1799 1724 1808 ’

210 1857 421 1924 perpeti,
482 1875 614 1922 quam
667 1872 690 1903 a
734 1856 869 1905 nobis
908 1871 952 1904 et
988 1857 1122 1905 Sacra
1159 1857 1290 1904 huius
1321 1854 1468 1929 Regni
1515 1852 1653 1901 nostri

217 1923 406 1971 Corona
457 1922 730 1978 desciscere,
767 1920 960 1988 labeque
991 1921 1140 1988 aliqua
1174 1919 1452 1968 infidelitatis
1484 1921 1655 1966 cando·

210 2003 308 2033 rem
351 1987 556 2033 ‘nominis
588 1985 719 2033 vestri
748 1987 1088 2044 contaminare,
1130 1985 1418 2050 hostiumque
1458 1984 1651 2032 circum·-

211 2051 413 2098 fusorum
442 2068 525 2098 vos
563 2067 672 2114 prae
719 2052 879 2099 ceteris
924 2050 1134 2100 omnibus
1171 2049 1497 2107 ambientium,
1530 2065 1651 2098 nunc

213 2114 400 2183 blandas
452 2115 814 2180 appellaciones,
868 2115 1229 2180 pollicitacioncs
1271 2112 1462 2171 multas,
1530 2129 1650 2162 nunc

210 2180 351 2228 minas
402 2180 578 2228 feroces
608 2179 840 2228 fortiffime
879 2180 1114 2246 sprevistis.
1184 2182 1388 2226 Tandem
1427 2195 1530 2224 cum
1563 2174 1647 2223 ob-

208 2240 385 2292 {idione
418 2244 568 2310 ,longa
612 2260 655 2291 et
713 2247 825 2298 dura
877 2246 1006 2293 cinffi
1049 2245 1228 2309 effetis„
1276 2242 1479 2308 murique
1513 2239 1645 2293 vestri

208 2310 341 2357 variis
387 2324 722 2358 tormentorum
761 2310 1004 2383 generibus
1063 2321 1353 2375 quaterentur
1449 2305 1649 2370 proster-

207 2388 535 2440 nerentur-que,
586 2377 696 2440 quid
741 2391 879 2423 virtus
909 2377 954 2422 in
998 2368 1196 2422 aduersis
1224 2370 1401 2428 valeat,
1436 2388 1521 2422 vos
1546 2372 1571 2418 s
1599 2388 1648 2432 ee-

172 2435 454 2500 .ciosiffimo
499 2438 712 2504 exemplo
759 2438 1026 2487 declarastis.
1095 2441 1214 2488 Nam
1240 2453 1335 2492 ‚nec
1371 2435 1514 2493 fame,
1574 2453 1646 2487 er-

205 2519 289 2560 ro,
333 2502 520 2567 vigilia,
558 2521 707 2570 neque
753 2503 885 2553 ullius
926 2505 991 2551 rei
1038 2501 1253 2567 penuria,
1288 2518 1438 2567 neque
1482 2499 1643 2572 labore

204 2567 298 2619 ullo
325 2567 458 2620 fraffl
493 2565 614 2627 estis;
648 2568 725 2615 sed
755 2570 1070 2617 huiuscemodi
1090 2568 1253 2632 longae
1277 2581 1318 2616 et
1345 2568 1499 2613 saevae
1520 2559 1642 2613 obfi-

209 2631 359 2683 dionis
409 2631 845 2692 incommoditates,
891 2650 1005 2699 quae
1054 2651 1138 2681 vos
1186 2627 1279 2683 fine
1328 2627 1645 2681 intermistione

208 2694 507 2762 premebant,
559 2697 737 2762 semper
779 2698 945 2749 invido
989 2699 1168 2757 animo,
1194 2694 1274 2743 'vel
1300 2695 1486 2746 in'anni
1516 2698 1646 2757 parte‘

212 2757 473 2820 saevissima,
509 2762 716 2827 propriis
739 2762 1004 2827 sumptibus,
1034 2779 1126 2813 non
1169 2755 1262 2807 fine
1305 2759 1429 2826 gravi
1466 2757 1642 2823 sangui-

208 2827 277 2886 nis
333 2823 553 2879 effusione
610 2825 874 2891 pertulistis,
949 2825 1316 2892 corporibusque
1364 2823 1513 2873 vestris
1550 2840 1639 2886 pro

208 2891 416 2940 custodia
466 2890 752 2956 stacioneque
786 2909 1016 2941 murorum
1068 2893 1142 2939 die
1179 2894 1403 2955 noctuque
1441 2887 1641 2947 obieffls,
