1786 3002
231 441 259 475 Ι

422 239 520 287 1-72
628 203 865 274 D19L0M2
903 225 1038 271 PARs
1078 223 1142 270 II.
1183 206 1497 283 snmorrcA.1

343 365 483 413 cibus
530 365 922 430 Comitibusque
976 366 1180 431 proprio
1213 332 1270 425 ax)
1291 397 1308 424 ‚
1345 363 1398 411 in
1426 378 1530 428 quo
1562 364 1700 413 vide-

339 432 461 484 licet
504 435 669 482 iidem*
703 438 990 501 equitantes
1025 435 1212 484 fiebant
1248 433 1526 500 conspicui,
1600 439 1698 483 Te-

338 519 566 558 >nu-erunt
590 506 726 554 hunc
761 522 956 554 morem
977 509 1138 571 Reges
1174 504 1350 554 Galliae
1379 505 1459 567 b),
1487 508 1575 572 qui
1605 512 1698 555 Re-

343 576 490 644 gibus
531 577 704 624 etiam'
733 579 1004 642 Hungariae
1055 577 1223 644 priscis
1267 575 1467 642 placere
1507 578 1698 628 debuit.

344 650 545 699 Etenim
586 645 919 713 Spalatensi3‚
955 650 1196 716 principis
1231 647 1495 699 Dalmatiae
1526 650 1659 698 urbis
1680 684 1699 710 ,

346 715 636 784 ampliffima
667 718 965 785 privilegia,
1017 720 1356 770 Colomannus
1389 724 1493 769 Rex
1512 754 1529 782 ,
1553 736 1699 779 *anno

296 853 301 857 ¹
351 799 508 849 1108<
527 789 683 856 figillo
718 792 931 857 pensili,
972 808 1139 858 eoque
1169 791 1384 858 equestri
1426 793 1700 841 communi-

345 866 421 913 vit
447 865 532 924 c);
585 862 812 928 mihiq'ue
845 861 1048 926 saltem,
1098 879 1161 912 ex
1186 865 1273 924 iis,
1329 879 1439 928 quae
1469 879 1608 911 nunc
1637 863 1703 910 de

346 933 629 1000 significatu
669 932 937 998 sigillorum
974 934 1279 1001 equestrium
1306 934 1481 995 attuli,
1522 933 1580 982 fit
1620 934 1701 982 ad-

345 1006 554 1054 modum
584 1003 894 1068 verisimile,
935 1021 1181 1072 quaterna
1216 1004 1300 1054 ina
1329 1003 1517 1054 scutula
1552 1003 1720 1071 equess

346 1077 486 1139 stria,
525 1078 709 1142 quibus
725 1080 958 1126 Emer-ici
1004 1077 1156 1142 Regis
1202 1077 1413 1130 thronus
1442 1077 1495 1124 in
1533 1075 1702 1140 figillis

264 1171 269 1181 s
346 1145 506 1197 cereis
542 1147 748 1213 stipatus
786 1148 857 1196 est·
888 1150 947 1211 d)
970 1185 986 1211 ‚
1008 1163 1012 1169 ’
1038 1148 1356 1216 provincias,
1411 1161 1535 1213 quas
1565 1148 1715 1195 idem,

344 1221 635 1268 moderatus
681 1217 776 1280 est,
814 1219 1094 1286 respicere5
1132 1220 1394 1284 inprimis,
1458 1224 1573 1266 cum
1611 1234 1702 1265 nu-

343 1306 484 1341 mero
517 1288 823 1338 scutulorum
846 1326 862 1353 ,
899 1293 1303 1356 provinciarum,
1341 1302 1454 1355 quae
1493 1290 1548 1336 in
1586 1289 1704 1335 titu-

343 1361 404 1410 lis
442 1361 802 1422 recensentur,
828 1370 831 1384 ·’
861 1378 1099 1412 numerus
1146 1359 1458 1428 respondeat.
1529 1360 1705 1407 Prouti

345 1449 497 1500 porro
539 1434 874 1498 primogeniti
918 1437 1116 1500 Regum
1162 1433 1420 1494 Franciae,
1482 1443 1621 1498 patre
1651 1431 1705 1477 in

345 1507 451 1552 vita
491 1505 682 1553 adhuc*
705 1504 988 1571 superstite,
1026 1508 1079 1553 in
1110 1506 1238 1567 ceris
1271 1505 1469 1569 equites
1509 1501 1709 1556 exhibe-

346 1577 558 1637 bantur,
599 1577 773 1624 dextra
794 1575 1040 1624 vexillum
1066 1577 1351 1634 vibrantes,
1391 1571 1569 1618 sinistra
1602 1570 1704 1617 scu-

344 1660 397 1693 to
439 1645 534 1694 sese
577 1659 934 1711 protegentes,
988 1645 1214 1693 destituti
1249 1641 1589 1707 saepenumero
1623 1638 1704 1687 sel-

342 1715 401 1764 lis
454 1716 509 1764 &
555 1715 873 1779 calcaribus:¹
912 1717 986 1764 ,ita
1027 1716 1203 1773 eadem
1246 1714 1482 1777 imaginis
1523 1709 1702 1776 forma,
1751 1754 1757 1757 ,

344 1788 698 1854 primogenitis
759 1790 957 1851 Regum
1018 1785 1300 1835 nostrorum
1329 1817 1347 1844 ,
1384 1820 1386 1822 -
1418 1781 1466 1830 ὃ(
1522 1782 1706 1829 horum

343 1860 539 1922 agnatis
581 1872 795 1922 quoque
826 1859 1023 1920 arrisit,
1058 1858 1162 1921 'nisi
1193 1853 1491 1922 quod'Bela
1534 1855 1617 1902 1V.
1656 1851 1707 1899 δε

348 1929 629 1995 Stephanus
670 1932 730 1976 V.
772 1926 988 1976 divisum
1047 1942 1162 1976 cum
1207 1926 1431 1993 patribus
1474 1935 1706 1972 tenentes

346 2004 611 2063 Regnum,
654 2001 815 2064 (ideo
856 1999 1037 2071 Regum
1057 1996 1306 2066 juniorum
1340 1998 1592 2044 axiomate
1637 1996 1712 2041 in-

344 2072 563 2136 figniti)
622 2073 675 2121 in
713 2069 914 2119 adversa
968 2084 1106 2116 cerae«
1137 2079 1274 2135 parte
1342 2067 1576 2126 throno,
1652 2066 1707 2112 in

345 2140 512 2190 aversa
559 2157 696 2206 equo
748 2142 1004 2189 insideant
1052 2142 1120 2202 e).
1194 2135 1336 2186 Bela.
1382 2139 1504 2184 Dux
1545 2136 1708 2183 totius

260 2251 273 2265 .
349 2211 796 2273 Sclavoniae‚Belae
825 2215 907 2260 IV.
945 2212 1093 2275 Regis
1132 2207 1297 2270 filius,
1337 2205 1494 2272 sigillo
1531 2202 1708 2269 simpli-

263 2325 274 2337 .
351 2285 400 2333 ci
434 2298 600 2348 eoque
634 2282 855 2349 equestri
893 2282 1007 2331 usus
1036 2280 1137 2343 est,
1176 2279 1317 2346 quod
1352 2279 1415 2326 de
1440 2278 1599 2326 literis
1631 2290 1710 2323 an.

295 2349 302 2367 ¹
355 2354 731 2420 1268.‘penfile
762 2389 778 2414 ,
839 2370 988 2403 PRAn
1034 2352 1273 2416 egregio,
1313 2348 1431 2397 dum
1482 2350 1712 2407 viveret,

345 2424 469 2475 alios
488 2425 698 2488 juvandi
732 2424 895 2485 studio
926 2425 1090 2472 debui.
1131 2424 1366 2470 Ceterum
1411 2418 1524 2469 usus
1557 2431 1709 2482 eque-

347 2497 516 2546 strium
565 2494 837 2559 figillorum
878 2497 982 2544 saec.
1025 2495 1151 2542 XIV.
1197 2492 1281 2541 vel
1321 2495 1423 2540 XV.
1470 2492 1525 2538 in
1566 2490 1730 2536 nun-a

351 2569 485 2633 garia
535 2566 733 2616 desiisse
784 2568 989 2616 videtur
1031 2600 1049 2627 ,
1104 2579 1202 2634 nec
1255 2562 1472 2628 posthaec
1525 2559 1711 2609 revixit

289 2684 293 2697 ,
349 2636 579 2705 amplius.

332 2812 334 2815 ,
403 2765 447 2820 a)
480 2793 511 2812 „
548 2766 702 2819 Figura
741 2768 938 2818 equestris
971 2766 1151 2819 persone
1173 2764 1304 2812 laicae,
1330 2763 1489 2815 semper
1517 2758 1726 2811 indigitat*

482 2849 514 2870 ,,
546 2825 676 2864 virum
718 2823 928 2880 nata-libus
956 2822 1289 2871 illustriffimum,
1335 2818 1534 2860 videlicet
1566 2816 1716 2856 Comi·-

809 2900 812 2904 -
1410 2914 1412 2916 ,
1487 2899 1519 2922 „
1548 2880 1653 2923 tem,-
