1786 3002
52 480 60 490 .
136 444 220 480 Tab.
237 447 293 479 w.

149 505 222 550 Fig.
249 511 287 542 6.

433 234 542 309 1'70-
607 242 1018 293 Dmmfia‘J-Pms
1058 247 1122 292 ΙΙ.
1165 229 1470 299 εΕΜῙὸτίεΑ.

355 383 415 452 li's
456 384 723 448 majoribus
782 384 1018 452 Capituli*
1054 386 1282 439 Ecclefiae
1330 385 1714 452 strigoniensi&⁴

355 454 784 524 Archiepiscopus
815 458 965 521 capiti
1008 456 1158 523 Regis
1184 451 1389 513 defert.
1435 452 1554 509 Ἠὼς
1594 475 1620 506 a
1650 457 1715 506 sa-

358 528 430 575 cri
471 525 769 575 diadematis
807 526 958 576 nostri
989 525 1145 578 forma
1179 530 1228 578 &
1267 529 1470 595 specie,
1512 529 1714 596 prorsus

359 595 553 646 diversa
601 596 684 646 est.
787 595 1211 666 Diffimilitudinis·
1281 594 1472 651 causam
1498 604 1527 662 ’,ἵ
1561 598 1715 648 ‘doeh

331 660 661 718 'KoLLARws
693 667 773 732 (cle
789 667 901 735 jure
925 670 1202 724 Patron'atus
1221 689 1269 738 p.
1294 675 1405 735 42.)
1429 669 1716 738 ignorabat,

358 755 456 788 nec
503 754 601 803 ego
636 739 898 806 adsequor.
974 745 1052 805 At·
1092 758 1187 794 nec
1225 739 1720 806 Germanorumslm-

358 824 651 876 pei-atores»,
693 828 824 877 quos
859 817 1064 864 coronis
1091 812 1175 863 vel
1211 817 1425 876 maxime
1452 831 1479 864 a
1517 813 1566 863 se
1593 813 1719 861 invi-

331 883 473 950 eem
506 881 705 929 diversis
753 886 807 930 in
848 882 1018 950 figillis
1065 882 1255 934 ‘effie'cos
1291 883 1494 948 videam,
1553 883 1722 952 diade-

357 958 490 1013 mate
510 950 599 1001 illo
620 988 636 1013 ‚
673 955 814 1019 quod
837 957 969 1006 inter
998 951 1240 1006 Clenodia
1265 955 1478 1006 refertur
1507 960 1555 1004 S.
1572 959 1632 1003 R.
1657 956 1720 1003 G.

356 1025 583 1089 Imperii,
608 1027 660 1071 in
685 1028 813 1074 ceris
841 1043 1071 1093 unquam
1099 1028 1187 1076 vifi
1210 1027 1337 1097 (sunt.
1360 1039 1443 1079 ῥοι-
1480 1028 1725 1093 Sceptrum

356 1097 536 1143 itidem
581 1095 833 1144 diversum
875 1099 943 1146 est
975 1099 1033 1146 ab
1065 1115 1158 1161 eo,
1209 1100 1350 1166 quod
1394 1100 1526 1146 inter
1555 1098 1721 1160 Regni

320 1209 333 1228 5
358 1165 569 1213 Cimelia
611 1168 763 1215 Budae
803 1168 1098 1218 custoditur.
1187 1168 1311 1220 Hoc'
1342 1171 1479 1218 enim
1507 1202 1523 1230 ‚
1581 1166 1721 1236 quod

354 1252 452 1286 una
500 1253 616 1286 cum
667 1254 855 1289 corona
905 1242 1100 1293 diutius
1150 1239 1522 1307 contemplatus
1566 1234 1670 1287 sum
1702 1263 1754 1297 ,-

358 1303 509 1356 clavae'
553 1313 576 1371 (
603 1309 909 1377 buzogany)
948 1310 1160 1360 formam
1190 1314 1340 1362 habet
1359 1327 1370 1359 ε
1389 1351 1391 1353 .
1410 1309 1536 1359 illud
1565 1306 1722 1372 vulgo

357 1377 483 1427 solet
521 1377 617 1427 effe
670 1380 978 1446 florigerum.
1048 1383 1288 1431 Matthias
1337 1384 1588 1434 Corvinus
1627 1378 1723 1426 sce-

357 1466 527 1516 ptrum
556 1450 742 1514 gestat,
777 1455 829 1501 in
863 1468 1064 1507 crucem
1087 1457 1358 1519 geminam,
1394 1454 1566 1524 pronti
1585 1451 1727 1498 vide·
1771 1465 1774 1472 ‘

357 1523 680 1583 tur‚exiens;
721 1541 816 1576 nec
851 1521 1137 1578 exterorum
1153 1529 1347 1588 Regum
1382 1525 1569 1590 sceptra
1593 1525 1646 1570 in
1671 1520 1722 1571 ss-

360 1591 496 1657 gillis
524 1593 634 1641 sunt
658 1594 941 1644 uniformia.
980 1622 1050 1642 -—
1086 1596 1440 1660 AByzantinis
1471 1594 1521 1640 &
1554 1594 1720 1640 orien-

362 1662 551 1733 talibus¹
578 1665 819 1728 Augustis
846 1666 1040 1713 transiit
1078 1667 1138 1712 ad
1160 1664 1452 1713 occidentis
1479 1666 1639 1732 Impp.
1671 1659 1722 1707 &

355 1732 727 1797 Reges.Globus
764 1741 1015 1806 cruciger,
1055 1736 1144 1801 qui
1185 1733 1306 1787 olim
1351 1736 1410 1788 ab
1450 1738 1725 1798 Imperato-

354 1806 494 1852 ribus
539 1820 749 1853 romano
781 1807 1167 1870 -.germaniciffi
1240 1822 1348 1857 non
1396 1801 1492 1858 alia
1550 1811 1722 1852 mente

355 1874 455 1923 fuit
483 1876 770 1936 adhibitus,
811 1893 963 1943 quam
996 1889 1052 1926 ut
1096 1880 1251 1925 totius
1284 1872 1435 1926 Orbis
1481 1874 1721 1933 rotundi,

357 1948 441 1994 cui
468 1949 744 2011 Imperator
779 1950 1026 2013 opinione
1063 1949 1153 1994 aevi
1189 1949 1345 1996 medii
1377 1959 1612 2015 praererat,
1648 1958 1723 1991 re-

355 2017 672 2084 praesentaret
750 2019 1048 2070 dominium.
1091 2021 1094 2027 ’
1143 2017 1539 2066 Intercefferunt
1602 2015 1722 2064 huic

358 2090 507 2137 Orbis
551 2088 777 2143 dominio
808 2124 823 2151 ,
864 2089 1194 2153 ⁸Hungari‘ae„
1231 2086 1483 2149 Poloniae‚
1546 2088 1722 2138 Daniae

358 2171 454 2208 cet.
484 2163 680 2223 Reges,
721 2162 809 2225 qui
841 2161 1062 2211 eundem
1092 2157 1299 2224 globum
1331 2159 1464 2209 inter
1504 2159 1720 2221 dignita..

355 2233 422 2277 tis
469 2230 558 2277 suae
604 2229 822 2296 symbola
866 2230 1225 2290 adsciscentes„
1266 2227 1478 2277 divisum'
1518 2228 1563 2276 se
1602 2243 1719 2276 cum

355 2304 666 2365 Imperatore
692 2303 879 2350 Orbem
898 2316 1090 2362 tenere,
1129 2313 1297 2367 aperte
1323 2299 1486 2348 testati
1518 2301 1627 2347 sunt
1644 2302 1730 2359 a)·'

354 2373 574 2420 Emerici
615 2374 768 2435 Regis
810 2389 934 2421 cerae
967 2372 1171 2435 globum
1206 2370 1347 2420 illum
1381 2369 1606 2418 referunt
1647 2372 1722 2417 in-

356 2442 589 2506 fignitum
621 2456 771 2491 cruce
803 2442 1020 2511 duplici,
1061 2443 1199 2510 quod
1243 2457 1513 2492 GRUBERUs
1543 2440 1599 2503 b)
1624 2442 1719 2505 pri-

355 2513 496 2562 mum
539 2515 703 2561 crucis
746 2513 1085 2578 patriarchalis
1128 2516 1183 2562 in
1235 2513 1372 2562 scuto
1417 2517 1475 2560 R.
1514 2513 1724 2574 Hunga-'

353 2586 442 2633 riae
472 2581 568 2631 effe
600 2586 835 2649 opinatur
873 2585 1163 2651 vestigium3
1217 2599 1314 2648 ego
1352 2599 1492 2644 vero,
1519 2597 1610 2646 pro
1646 2596 1720 2629 ar·-

358 2668 604 2718 gumento
659 2659 791 2704 mirae
828 2671 1093 2719 veterum,
1145 2658 1198 2703 in
1235 2656 1485 2720 fingendis
1517 2651 1720 2718 sceptris

355 2724 626 2790 globisque
670 2728 920 2791 regalibus
951 2727 1290 2777 inconstantiae
1328 2726 1505 2774 habeo.
1554 2726 1721 2773 Etiam

355 2797 411 2844 in
450 2796 583 2847 Sellis
611 2802 757 2870 regiis
783 2800 1146 2862 construendis,
1182 2800 1444 2864 ingenium
1472 2793 1723 2844 artificum

1549 2864 1626 2948 ses
1620 2883 1648 2916 e
