1786 3002
289 231 473 279 CAPUT
504 210 597 284 IV.
633 214 1032 275 spnmmsn'm.
1212 238 1309 290 195

27 377 184 425 totius
228 368 435 439 peractae
472 367 670 442 (firiem
702 363 979 433 statutionis
995 370 1042 428 )‚
1082 366 1241 417 literis
1280 369 1382 418 loci

27 445 279 498 credibilis
315 434 734 509 comprehensam,
761 439 889 502 Regi
917 437 1235 502 perscribere.
1271 442 1408 498 Hac*

27 532 262 586 percepta
283 551 300 576 ,
338 513 372 576 si
407 508 488 561 vel
522 524 675 557 nemo
716 522 850 570 erat,
890 510 983 574 qui
1016 508 1270 559 statutioni
1309 513 1382 559 in—

14 586 308 640 terceffiffet
356 581 576 649 (statutio
620 582 809 642 pura‚)
848 576 930 631 vel
979 578 1384 630 contradiffione

27 663 80 710 in
133 660 327 724 judicio
355 653 478 706 «elisa
505 689 523 716 ‚
599 649 843 702 solemnes
887 653 1128 702 dabantur
1182 651 1336 700 literae
1363 687 1383 715 ,

26 747 152 798 quas
197 725 527 799 &stimules
586 723 843 786 dicimuS‚
893 723 1176 773 statutionis
1226 725 1381 772 etiam

27 792 349 865 seriem213u'‘se
381 798 726 852 continentes,
745 795 1041 862 eaedemque
1064 791 1224 858 figillo
1244 810 1382 843 nunc

28 863 596 926 demum'inuniebantur
612 862 804 930 duplici
834 864 918 914 seu
932 864 1249 936 privilegiali,
1274 864 1383 931 ipfi·

23 940 428 1013 quedonationis
447 936 780 987 instrumento
794 939 1039 1008 privilegii
1063 936 1248 984 exinde
1265 949 1383 1001 cog-

24 1015 213 1087 ιιφιθιι
232 1011 301 1062 est
335 1010 555 1060 inditum
577 1005 651 1069 b).
679 1005 941 1072 Progreffu
983 1009 1224 1073 temporis
1250 1024 1277 1056 a
1305 1005 1384 1056 sae-

19 1080 140 1155 plo
175 1084 296 1133 inde
325 1084 454 1132 XIV.
488 1080 550 1128 ad
593 1076 742 1127 finem
781 1082 884 1127 XV.
916 1079 1107 1143 ubique
1154 1080 1384 1142 gentium

2 1152 128 1211 sere
151 1152 398 1205 rarescere
430 1154 589 1217 magis
618 1152 884 1216 magisque
913 1152 1072 1215 cqepit
1105 1147 1385 1214 duplicium

7 1225 290 1292 -figillorum
320 1223 434 1272 usus
454 1240 471 1280 ς
523 1224 827 1286 (enimvero
872 1234 1089 1270 exeunte
1137 1218 1240 1269 saec.
1277 1221 1383 1268 XV.

8 1313 119 1346 -nec
148 1300 479 1360 Imperatores
511 1296 596 1356 c),
634 1309 806 1360 neque
848 1292 1081 1358 Episcopi
1127 1289 1172 1339 se
1207 1289 1386 1357 ampli-

11 1384 82 1416 us
136 1366 364 1426 sedentes
408 1366 462 1412 in
499 1367 630 1413 ceris
663 1363 760 1413 suis
791 1365 1071 1424 exhibent)
1125 1360 1386 1411 rarescunt

18 1440 176 1493 etiam
217 1434 369 1502 figilla
404 1434 684 1501 equestria,
720 1437 958 1483 adhibitis
992 1437 1046 1484 in
1088 1449 1266 1482 eorum
1312 1433 1383 1482 lo-

19 1523 141 1558 cum
175 1506 375 1557 steretis
409 1509 614 1572 potius,
654 1506 766 1571 quae
802 1505 898 1554 fuis
925 1507 1265 1571 imaginibus,
1300 1502 1385 1553 vel

17 1575 400 1644 provinciarum
447 1577 633 1642 quibus
666 1577 779 1641 quis
825 1572 1179 1626 dominabatur
1217 1573 1381 1640 prolo-

18 1661 299 1714 querentur
335 1648 533 1713 copiam
558 1680 575 1707 ,
613 1643 696 1694 vel
726 1645 965 1710 stemma,
1004 1664 1107 1715 quo
1143 1647 1257 1713 quis
1306 1663 1384 1695 or-

11 1733 106 1779 „tus
146 1717 303 1779 effet,
363 1716 653 1766 testarentur
700 1716 946 1766 vetustum
997 1733 1153 1785 atque
1194 1716 1383 1765 nobile.

22 1791 141 1839 Mos
179 1789 315 1838 idem
354 1791 504 1837 etiam
550 1789 610 1834 ad
652 1788 920 1849 Hungaros
953 1803 1259 1855 propagatus
1287 1787 1382 1843 est;

24 1859 128 1921 sed,
162 1860 302 1924 quod
330 1859 405 1918 hi,
436 1859 571 1920 juxta
596 1871 709 1905 cum
742 1856 971 1922 Hispanis
1003 1859 1278 1923 Belgisque
1316 1858 1380 1919 d)

24 1932 209 1978 rituum
254 1927 583 1994 antiquorum
624 1927 895 1990 admodum
934 1943 1139 1976 tenaces
1177 1926 1335 1976 effent
1360 1962 1379 1988 ‚

22 1998 174 2066 paulo
225 1997 426 2048 lentius,
520 1995 788 2046 Alternare
843 2000 927 2046 hic
990 2001 1207 2065 primum
1253 2012 1379 2063 ergo

23 2083 218 2120 tantum
254 2072 412 2135 coepit
444 2060 652 2134 fi'gillum
698 2066 940 2118 secretum
991 2086 1108 2125 cum
1154 2068 1380 2134 duplici;

14 2141 232 2191 subinde
275 2156 400 2189 vero
447 2140 796 2189 Ferdinandus
847 2143 887 2188 Ι.
940 2140 1130 2190 secreto
1184 2142 1283 2205 jam
1327 2143 1381 2191 in

17 2211 340 2264 donationibus
388 2226 527 2280 atque
570 2210 681 2260 aliis
715 2210 1014 2277 gravioribus
1056 2211 1189 2262 rebus
1224 2212 1383 2281 Regni

8 2283 96 2348 fici
137 2281 403 2352 Hungariae
447 2281 549 2347 ufizs
590 2276 651 2335 eli‘
704 2283 770 2341 e).
860 2283 1188 2332 Imitabantur
1241 2283 1381 2330 hunc

17 2352 133 2414 ‚ejus
172 2350 467 2403 successores
498 2361 525 2399 e
560 2351 731 2398 Domo
767 2350 1053 2415 Austriaca,
1102 2368 1275 2419 neque
1308 2366 1378 2400 ta-

16 2437 145 2471 men
187 2419 374 2487 duplex
416 2421 603 2471 aboleri
631 2420 798 2487 potuit
828 2425 1043 2486 penitus.
1078 2423 1378 2489 Rudolphus

19 2495 92 2543 11.
129 2507 263 2541 anno
299 2497 445 2554 1603.
479 2489 739 2540 Articulos
777 2506 906 2556 quos
943 2494 1269 2546 Tavernicales
1295 2509 1378 2558 ap-

25 2561 289 2628 penatum,
304 2560 462 2630 fi'giHi
489 2563 684 2630 duplicis
715 2564 991 2613 munimine
1016 2578 1163 2632 ratos,
1194 2577 1385 2630 grator,

18 2635 88 2685 a&
105 2645 311 2700 acceptos
334 2630 522 2689 habaiu
559 2630 914 2691 maiestaticum
942 2635 1164 2697 ejusdem
1201 2634 1378 2681 itidem

22 2715 244 2771 utraque
290 2716 429 2767 parte
470 2703 766 2767 insignitum
806 2702 921 2766 jam'
947 2703 1086 2770 supra
1129 2704 1218 2770 (§.
1259 2719 1377 2764 124.

27 2786 134 2822 not.
174 2775 260 2835 d.)
303 2772 574 2828 celebravi;
614 2779 997 2826 commemorari
1023 2778 1157 2826 idem
1193 2775 1241 2821 in
1281 2777 1377 2837 pri-

621 2846 673 2891 N
709 2859 743 2893 2
955 2860 960 2864 ’
1045 2840 1050 2845 ’
1134 2867 1137 2869 ·
1183 2843 1305 2894 vilei
