1786 3002
154 194 160 207 ,
232 114 416 196 Carum?
467 139 531 188 ΙΙ.
566 138 652 198 a.)
694 146 1156 184 nnAcnYoRAPmA.
1231 139 1297 196 83

27 288 136 339 aliae
177 281 454 334 constanter
491 278 871 345 exprimantur,
921 276 1040 340 ,aliae
1095 273 1375 329 constanter

33 357 205 409 desint.
243 349 479 419 Exempla
513 350 634 399 huic
659 345 842 413 regulae
870 344 1070 396 adversa
1096 380 1112 406 ,
1140 359 1227 394 aut
1254 345 1376 403 cala·

32 430 103 479 mi
142 439 334 477 errores
367 421 510 484 sunt,
549 423 637 468 aut
673 417 925 484 scripturae
977 417 1384 466 scholasticorum

31 497 238 559 talium,
276 493 493 561 qui-'fine
527 503 661 539 certa
691 488 807 554 lege
844 486 1126 555 promiscue
1158 486 1387 549 decurta-⁴

29 583 151 622 runt
194 566 377 616 omnin·
1009 595 1014 602 -

67 694 70 698 ἡ
161 641 252 700 2.)
288 628 542 697 Differunt
576 624 852 680 omiffionis
889 628 1039 695 fignaa
1113 633 1297 678 Praeter
1332 627 1391 676 li-

35 707 210 762 neolas
236 706 409 766 euim,
467 700 565 749 five
599 700 935 764 transversas,
978 703 1077 751 ssve
1122 702 1418 768 perpendi-⁴

37 775 348 840 culares‘sad
389 773 598 822 modum
647 788 671 822 s
715 770 989 834 formatas,
1028 772 1394 822 adhibebantur

39 852 102 901 ad
126 831 367 913 sffibendi
398 842 761 910 compendium
813 844 1188 908 indigitandum
1240 846 1395 894 etiam

37 912 225 981 litnssoe,
260 919 396 967 notae
435 911 748 975 numerales,
789 913 972 964 duc’tus
1004 915 1283 979 arbitrarii,
1308 930 1398 965 vo-

43 984 165 1054 φ’
185 1003 232 1043 et
258 985 505 1038 coarctata
543 983 651 1050 (ὃς)
677 1020 694 1047 ,
736 998 832 1033 cet.
870 983 1113 1052 Exempla
1142 985 1235 1052 (§.
1267 989 1395 1053 47.)

38 1062 201 1118 ubivis
241 1070 534 1109 occurrunt.

178 1134 270 1195 3.)
313 1132 427 1178 auo
485 1127 777 1191 antiquiora
823 1124 937 1175 sunt
981 1126 1283 1192 diplomata,
1337 1142 1402 1176 eo

39 1204 305 1274 pauciores
339 1199 706 1249 abbreviaturas
753 1198 970 1246 habent:
1029 1201 1089 1246 In
1119 1199 1400 1265 diplomati-
1515 1259 1518 1261 Α

4 1286 12 1289 ’
45 1278 137 1326 bus
181 1286 303 1335 ergo
334 1272 603 1333 Hungariae
629 1267 732 1316 saec.
762 1270 846 1317 XI.
876 1271 982 1322 XII.
1014 1284 1174 1334 pauca
1209 1272 1402 1319 notabis
1474 1255 1557 1290 Τὼ
1576 1256 1638 1294 ¹¹⁰

44 1342 294 1406 scribendi
321 1340 656 1404 compendia,
720 1354 941 1403 quorum
980 1343 1136 1406 major
1183 1342 1280 1405 jam
1315 1357 1404 1390 nu·
1446 1330 1532 1361 '¹³⁰'
1562 1335 1596 1359 ¹·
1618 1335 1656 1360 ²·

50 1427 221 1464 merus
251 1409 479 1460 censetur
512 1407 615 1474 saec.
652 1410 787 1458 XIII.
825 1414 1243 1476 quammaximus
1279 1427 1404 1465 vero

50 1484 159 1535 saec.
198 1481 327 1529 xlv.
366 1482 428 1528 ad
461 1477 614 1526 finem
652 1477 810 1544 usque
848 1483 948 1529 XV.
974 1483 1027 1530 in
1061 1485 1243 1532 chartis
1281 1498 1406 1531 vero
1474 1465 1638 1500 T²b’¹¹¹‘

48 1555 356 1622 privator-um
398 1548 450 1597 ὅ(
493 1549 753 1598 codicibus
787 1551 848 1599 ad
875 1553 1138 1603 dimidium
1167 1553 1272 1603 fere
1305 1553 1411 1602 saeC.
1483 1539 1570 1570 ⁸¹⁰·
1607 1542 1639 1570 ¹·

51 1625 179 1675 XVI.
206 1618 354 1688 plena
392 1617 503 1677 funt
537 1621 722 1683 omnia.
1158 1682 1162 1683 ⁷

190 1695 284 1756 4.)
317 1695 458 1741 Nota
486 1707 517 1750 9
558 1691 610 1736 in
650 1688 821 1740 locum
867 1690 1056 1759 syllabae
1093 1712 1276 1746 vocem
1317 1709 1412 1745 ter-

57 1764 297 1814 minantis
322 1779 393 1823 us,
416 1760 520 1808 (ἷκε.
551 1762 635 1806 XI.
673 1763 870 1823 (immo
913 1767 1006 1823 iam
1037 1766 1086 1812 &
1118 1771 1188 1828 X,
1241 1783 1414 1833 quam-

54 1837 136 1883 vis
172 1826 448 1894 rarissime)
485 1826 650 1896 passim
696 1831 923 1880 adhiberi
948 1838 1143 1900 coepit,
1185 1836 1416 1884 inferiori

46 1917 223 1954 ,autem
254 1915 361 1950 aevo
398 1899 678 1953 constanter
707 1900 775 1948 est
805 1903 1042 1953 adhibita.
1117 1905 1201 1953 Ad
1238 1904 1417 1955 discer-

62 1973 278 2026 nendam
309 1971 663 2038 scripturarum
691 1985 885 2020 aetatem
930 1991 1034 2023 non
1074 1980 1242 2025 minus
1272 1990 1420 2026 vetus

63 2055 187 2094 nota
218 2061 246 2096 a
283 2057 375 2107 pro
415 2041 593 2108 syllaba
626 2058 725 2103 con,
752 2044 925 2091 itidem
971 2048 1024 2093 in
1067 2046 1166 2095 fine
1210 2046 1316 2096 saec.
1359 2051 1422 2095 X.

67 2128 180 2164 utut
214 2115 364 2162 initio
423 2111 692 2162 rariuscule
758 2113 1058 2180 conspicua,
1097 2133 1160 2166 ex
1203 2118 1422 2184 plurium

62 2183 359 2234 saeculorum
422 2183 576 2234 exilio
616 2183 748 2249 quali
795 2186 1003 2249 redux,
1051 2187 1231 2243 valet;
1310 2204 1424 2255 quae

68 2255 273 2305 subinde
329 2255 390 2303 ad
434 2255 719 2303 restauratas
769 2269 932 2320 usque
984 2254 1152 2308 literas
1185 2294 1202 2321 ,
1266 2259 1422 2308 immo

69 2328 221 2375 etiam
247 2323 446 2388 longius
469 2327 652 2388 adhuc,
686 2325 976 2389 particulam
1001 2326 1135 2378 illam
1158 2345 1425 2397 nunquam

29 2461 34 2464 .
69 2395 174 2445 fere
213 2394 312 2456 suis
349 2393 609 2448 elementis
654 2394 864 2444 exscribi
901 2396 1027 2462 paffa
1061 2400 1130 2448 est
1161 2401 1232 2461 h.)

220 2469 306 2530 5.)
347 2467 405 2514 In
427 2467 783 2516 abbreviaturis
806 2468 1088 2530 enodandis
1104 2505 1120 2532 ,
1141 2469 1425 2536 diligentia,

78 2538 131 2588 δε
176 2538 412 2587 cautione
448 2540 659 2587 maxima
692 2546 818 2602 opus
859 2537 957 2600 est,
1011 2556 1078 2603 ne
1103 2538 1425 2603 ‘conjec'turis

71 2608 197 2658 fallis
227 2622 377 2674 atque
410 2611 722 2668 temerariis,
763 2607 816 2656 in
848 2622 1148 2675 argumento
1187 2609 1428 2674 diploma-

2 2688 4 2693 ’
76 2681 145 2731 tis
178 2679 439 2745 eruendo,
487 2678 516 2729 a
552 2683 682 2730 vero
690 2679 944 2798 I'aberra-5³,
995 2678 1260 2749 ipsumque
1299 2682 1426 2729 adeo

607 2757 619 2764 ’
775 2765 805 2799 2
848 2752 851 2753 ’
928 2745 931 2750 ’
964 2765 970 2771 “
1196 2747 1358 2817 ὀψο·
