1786 3002
333 271 437 330 378
713 263 716 264 ⁷
775 269 1246 318 DIPLo'MATARmM

258 378 452 443 querelis
494 375 700 424 fidelium
728 378 1002 436 nostrorum,
1019 376 1314 427 uniuersitatis
1352 377 1596 426 Nobilium
1621 395 1692 428 to-

257 446 343 491 tius
386 442 534 507 Regni
580 442 846 491 Sclauoniae
902 442 1225 503 intelleximus,
1284 444 1543 491 cuiusmodi
1587 454 1696 492 con-

257 507 395 556 ceflio
431 505 581 554 nostra
609 505 717 570 ipfis
747 509 793 556 in
829 517 885 555 e'o
928 506 1203 573 potifflm-um
1237 508 1461 566 officeret,
1500 510 1604 574 quia
1647 511 1693 558 in

251 572 335 620 illo
363 574 526 637 Regno
555 575 707 621 nostro
730 574 999 621 Sclauoniae
1029 567 1114 629 ‘trias
1130 573 1337 642 Capitula
1384 572 1551 633 essent,
1613 591 1697 621 uae

255 640 315 685 ad
360 638 473 685 fafla'
513 636 633 687 illius
655 640 803 704 Regni
832 637 977 686 ‘nostri
1031 645 1082 685 'et
1133 637 1467 703 regnicolarum
1518 593 1694 686 nasitu-

255 721 372 750 rum·
400 702 499 748 satis
544 717 587 749 et
628 703 967 767 super-ficientes
1017 703 1143 761 sunt3
1179 719 1280 750 nam
1326 703 1516 767 propter
1559 703 1696 752 multa

227 767 358 815 loca
399 766 636 815 credibilia
672 769 822 816 variae
850 765 1057 814 falsitates
1093 768 1137 814 in
1170 767 1534 832 eo‘potiffimum
1569 785 1694 816 com-

256 833 579 889 mitterentur„
630 835 734 898 quia
787 833 1033 897 aliquando
1062 833 1309 896 personae·
1346 833 1361 878 i
1397 848 1530 880 notae
1585 832 1697 880 loco

254 894 500 945 Nobilium
540 899 595 944 ad
626 897 860 945 faffionem
899 895 1261 955 destinarentur,
1296 911 1341 944 et
1410 915 1498 944 ona
1539 896 1696 945 talium

254 981 339 1027 per
380 962 589 1009 fraudem
622 962 895 1021 *fatentium3
949 964 1076 1027 quod
1115 979 1210 1008 non
1250 959 1408 1018 fieret,
1434 958 1490 1008 -ὓ
1538 964 1585 1008 in
1617 961 1699 1009 ali-

257 1045 351 1093 quo
378 1029 590 1074 duntaxat
612 1027 929 1092 capitulorum
957 1025 1075 1074 illius
1089 1026 1237 1092 Regni
1264 1025 1405 1073 nostri
1418 1026 1699 1085 Sclauoniae,

198 1117 205 1120 *
253 1107 300 1139 et
336 1108 449 1139 non
470 1091 567 1146 aliis
602 1093 789 1140 remotis
817 1091 929 1145 locis
958 1090 1068 1139 tales
1110 1090 1322 1138 falliones
1365 1089 1537 1139 fierent.
1573 1094 1699 1150 Qua-

252 1172 449 1222 propter
489 1155 791 1222 supplicatum
840 1157 986 1219 extitit
1025 1156 1249 1203 Maiestati
1275 1155 1478 1214 'nostrae
1507 1156 1554 1202 in
1593 1173 1699 1220 per-

252 1225 372 1271 sonis
405 1225 656 1270 eorundem
685 1222 1011 1287 exponentium
1032 1259 1044 1279 ,
1072 1229 1146 1268 'ut
1178 1222 1304 1285 ipsos
1347 1220 1402 1267 ab
1433 1221 1698 1278 huiusmodi

252 1286 621 1352 contingentibus
677 1287 891 1351 periculis
958 1288 1135 1351 eripere
1197 1283 1508 1349 dignaremur.
1594 1287 1698 1331 Nos

247 1352 418 1418 igitur,
475 1354 549 1418 qui
588 1353 703 1399 inter
741 1352 844 1399 alias
894 1369 1020 1400 curas
1094 1366 1140 1398 et
1178 1349 1482 1399 solicitudines
1529 1348 1700 1398 nostras

252 1420 310 1464 ad
350 1435 403 1464 ea
431 1416 708 1481 potiffimum
740 1418 979 1464 intendere
1021 1415 1268 1474 debemus,
1318 1433 1434 1481 quae
1474 1414 1599 1462 statui
1653 1427 1697 1460 et

251 1483 506 1530 commodo
553 1482 762 1529 fidelium
810 1480 1070 1539 nostrorum
1116 1483 1454 1540 conducerent3
1513 1478 1700 1527 admiffa

245 1548 387 1611 igitur
431 1547 760 1611 supplicatione
818 1542 1124 1611 praefatorum
1193 1547 1549 1617 exponentium,
1617 1561 1701 1589 no·-

188 1657 199 1665 ,
249 1611 391 1659 lentes
430 1612 502 1658 vel
543 1612 746 1674 juribus,
790 1611 861 1666 vel
899 1612 1091 1674 antiquis
1131 1608 1532 1672 consuetudinibus
1579 1605 1697 1652 illius

246 1678 398 1740 Regni
427 1676 565 1722 nostri
597 1695 680 1739 per
714 1675 978 1723 huiusmodi
1010 1669 1348 1720 conceffionem
1385 1671 1580 1721 nostram
1616 1673 1698 1717 de-

247 1757 429 1806 rogare;
446 1741 494 1786 id
519 1742 690 1787 eisdem
710 1738 953 1803 regnicolis
980 1735 1140 1784 nostris
1160 1734 1352 1802 gratiose
1379 1737 1586 1785 duximus
1606 1752 1692 1782 con

249 1808 511 1852 cedendum
529 1819 573 1850 et
597 1805 905 1860 annuendum,
933 1816 981 1849 ut
1009 1819 1035 1848 a
1077 1803 1222 1847 modo
1237 1799 1491 1864 praefatum
1509 1801 1698 1863 Capitu-

249 1870 343 1917 lum
383 1871 624 1927 Bosnense,
657 1872 714 1916 ad
741 1866 864 1915 aliud
890 1866 1061 1929 (illum)
1087 1869 1296 1930 Regnum
1333 1866 1533 1914 nostrum
1571 1865 1694 1912 Scla-

248 1936 445 1993 voniae,
483 1937 539 1981 ad
576 1934 768 1981 cuiusuis
801 1932 1068 1990 instantiam,
1087 1932 1250 1996 vigore
1282 1930 1580 1979 conceffionis
1609 1947 1696 1976 no-

252 1999 364 2047 strae
395 2000 674 2056 huiusmodi,
723 1995 894 2044 nullum
913 1995 1215 2044 testimonium
1261 1994 1468 2055 mittere,
1503 2010 1580 2043 aut
1616 1993 1695 2041 ali-

250 2067 359 2128 quas
395 2066 442 2111 in
477 2081 535 2111 eo
579 2064 868 2111 executiones
911 2062 1059 2108 facere
1102 2059 1196 2108 ullo
1250 2075 1448 2124 unquam
1485 2075 1694 2123 tempore

245 2128 384 2193 poffit
435 2145 479 2176 et
524 2128 685 2176 valeat.
738 2128 994 2175 Decernen'
1047 2127 1176 2191 quod
1222 2142 1383 2173 omnes
1424 2125 1580 2176 literae
1614 2123 1698 2175 fas-

250 2191 461 2252 fionales,
498 2193 769 2251 statutoriae,
804 2208 848 2240 et
883 2191 1075 2239 causales
1106 2190 1312 2252 ejusdem
1357 2188 1570 2254 Capituli,
1615 2204 1692 2234 cu·
1765 2247 1770 2255 Ι

249 2259 498 2325 juscunque
553 2260 698 2306 eneris
728 2257 978 2313 existentes,
1004 2273 1088 2321 pro
1110 2268 1235 2318 parte
1251 2252 1450 2318 ipsorum
1478 2253 1695 2317 regnico-

242 2324 396 2375 larum
443 2277 699 2371 noffirorum
751 2337 1006 2383 emanante,
1062 2317 1225 2375 nullius
1273 2316 1358 2367 sint
1411 2319 1583 2385 vigoris
1648 2331 1693 2370 et

252 2389 504 2446 firmitatis·‚
540 2389 636 2435 imo
680 2389 915 2435 annuimus
956 2403 999 2434 et
1048 2382 1690 2449 concedimus'atquedecer„

255 2458 430 2512 nimus,
473 2456 632 2505 harum
678 2452 926 2500 nostrarum
967 2451 1138 2499 secreto
1186 2443 1337 2516 figillo
1377 2448 1563 2513 nostr03
1598 2462 1689 2510 quo

252 2535 302 2566 ut
335 2523 431 2567 Rex
459 2519 717 2582 Hungariae
751 2520 937 2575 utimur,
962 2513 1217 2590 impreffiue
1243 2510 1604 2583 consignatarum
1620 2509 1687 2556 vi«

249 2602 366 2662 gore
403 2600 448 2632 et
495 2583 749 2634 testimonio
788 2582 1013 2630 literarum
1051 2580 1289 2630 mediante.
1323 2582 1491 2629 Datum
1515 2576 1687 2638 Eudae,

246 2668 296 2698 m
327 2651 576 2699 Dominica
613 2650 866 2697 Inuocauit.
903 2653 1037 2695 Anno
1084 2645 1273 2695 Domini
1329 2649 1462 2713 ¹498}
1498 2644 1686 2706 Regno-

256 2734 358 2764 rum
388 2716 641 2765 nostrorum
671 2717 929 2781 Hungariae
983 2718 1067 2766 &c.
1133 2729 1250 2768 anno
1298 2715 1479 2771 οᾶειῑιό,
1539 2711 1688 2756 Bohe-

183 2829 188 2833 .
255 2785 372 2836 miae
406 2800 518 2836 veto
554 2777 777 2848 vigesimo
821 2784 995 2847 oQauo.

1420 2902 1624 2949 XXVIII.
