1786 3002
489 246 588 302 196
676 234 913 290 DIPLoM.
950 241 1085 291 PARS
1127 245 1190 290 11.
1241 260 1548 296 SEMIOTICA‘

399 383 609 448 ‘vilegiis
640 380 888 448 Leopoldi
938 387 979 432 I.
1019 385 1145 432 bene
1180 401 1373 435 memor
1410 383 1526 440 surm
1558 382 1764 435 fuerunt

404 456 590 520 quibus
630 453 797 502 Caroli
839 456 923 502 VI.
956 455 1124 504 visum
1162 456 1230 504 est
1244 457 1347 521 f),
1383 458 1609 522 urs'rtque
1656 471 1761 506 tan-

405 527 519 574 dem
555 527 720 574 adhuc
758 523 892 573 illius
922 524 1061 574 usum
1090 529 1195 575 Lex
1220 529 1366 592 regni
1393 542 1471 576 an.
1498 540 1646 592 1751.
1672 542 1761 576 art.

406 612 452 660 3.
526 623 598 639 --
653 598 774 645 Sine
820 598 975 645 dubio
1023 599 1406 666 Archiepiscopi
1458 599 1765 663 strigonien·

404 666 512 729 ses,
553 682 616 716 ex
658 683 762 734 quo
800 668 854 715 hi
892 670 1124 733 perpetui
1156 671 1363 717 'Summi
1405 663 1472 717 &³
1501 672 1765 719 secretarii

404 738 519 786 sunt
544 741 698 804 Regis
729 736 1048 801 cancellarii,
1086 755 1144 790 ac
1174 737 1406 807 proinde,
1446 737 1587 805 sigilli
1612 742 1762 790 etiam

402 807 620 874 duplicis
655 809 917 872 custodes,
956 812 1056 859 hoc
1103 810 1238 860 idem
1278 813 1481 875 penitus
1508 813 1762 881 antiquari

401 877 520 947 paffi
545 896 649 929 non
680 879 792 928 sunt
825 885 922 952 g),
962 883 1116 929 etiam
1157 881 1417 948 postquam
1448 880 1597 931 'titulo
1624 887 1762 930 Sum-

348 968 353 980 ¹
401 953 470 1000 mi
521 951 571 999 &
617 953 883 1001 secretarii
936 950 1236 1002 Cancella-rii
1277 955 1469 1002 eisdem
1515 954 1762 1003 duntaxat

399 1020 613 1084 relicio,
653 1020 778 1071 alius
815 1025 869 1071 in
900 1021 1012 1072 aula
1037 1025 1197 1088 ‘Regis
1221 1036 1249 1072 a
1270 1027 1418 1090 -Rege
1459 1012 1760 1073 constitutus

401 1092 525 1145 esset
564 1093 939 1157 Cancellarius‚
992 1097 1084 1161 qui
1129 1110 1185 1143 re
1231 1110 1350 1143 vera
1396 1094 1496 1151 hoc
1551 1110 1762 1144 munere

401 1162 604 1215 fund'tus
642 1165 739 1225 est,
782 1164 833 1213 ὃ(
858 1166 1024 1214 adhuc
1066 1181 1229 1231 usque
1261 1156 1551 1230 fungitur.‘
1581 1168 1762 1215 Guam-

398 1239 477 1285 vis
514 1249 637 1285 vero
683 1235 813 1284 nihil
839 1238 1085 1301 impedire
1113 1239 1320 1294 dicant,
1347 1236 1638 1302 ‘quominus
1672 1238 1761 1285 ho-

399 1308 590 1374 dieque
625 1305 847 1370 codicilli
881 1306 1174 1357 nobilitares
1215 1323 1242 1355 a
1278 1311 1418 1371 Rege
1456 1305 1507 1354 &
1547 1307 1760 1362 Archie-

395 1377 605 1445 piscopo
652 1375 946 1445 subscriptij
992 1377 1126 1440 illis,
1179 1394 1308 1445 quos
1343 1381 1452 1426 Rex
1495 1377 1558 1427 ad
1622 1392 1757 1426 com·-

395 1452 775 1498 mendationem
800 1449 1191 1517 Archiepiscopi
1207 1451 1256 1497 in
1290 1461 1481 1498 coetum
1502 1446 1786 1502 ,nobiliunu

395 1522 697 1587 cooptavit,
748 1535 776 1568 e
822 1520 1132 1569 Cancellaria
1171 1521 1322 1586 hujus
1365 1519 1524 1584 figillo
1562 1518 1753 1585 duplici

390 1597 415 1655 (
441 1594 581 1656 cujus
623 1607 650 1640 e
680 1591 795 1656 lege
817 1593 961 1655 regni
999 1598 1152 1649 1609.
1186 1589 1481 1653 73.iduplex
1510 1603 1621 1637 t-axa
1643 1589 1750 1650 est)

385 1665 597 1711 munitae
638 1662 966 1726 expediantur
1006 1658 1099 1722 h):
1153 1657 1293 1706 nulla
1330 1671 1529 1719 tamen,
1594 1673 1751 1724 quan-

384 1745 490 1779 tum
525 1733 643 1792 scio,
684 1746 792 1779 aevo
823 1729 990 1779 nostro
1022 1726 1194 1777 similis>
1213 1730 1556 1794 expeditionis
1584 1739 1750 1776 exem-

382 1802 466 1868 pla
504 1801 696 1851 exstant
729 1800 960 1867 ampliu5‚
1000 1799 1323 1865 mortuoque
1343 1812 1506 1863 nuper
1536 1799 1750 1847 Archie—

383 1872 592 1939 piscopo
636 1871 855 1940 Josepho
885 1887 912 1919 e
942 1872 1224 1920 Comitibus
1260 1872 1322 1923 de
1362 1871 1642 1934 Batthyan,
1687 1883 1748 1916 ex
1781 1922 1784 1923 ⁷

381 1946 531 2009 hujus
558 1941 865 1993 Cancellaria
891 1939 1168 2008 utrumque
1195 1957 1281 2005 par
1306 1938 1447 2004 figilli
1475 1942 1535 1988 ad
1563 1937 1747 1987 Aulam

380 2018 533 2079 Regis
563 2013 774 2063 relatum
820 2011 917 2074 est,
958 2015 1081 2079 quin
1135 2006 1245 2073 ille,
1283 2010 1437 2058 titulo
1467 2012 1656 2059 Summi
1697 2010 1746 2057 ὅ(

382 2091 517 2134 Secr.
552 2083 847 2134 Cancellarii
875 2095 1163 2144 contentus,
1191 2080 1323 2129 illius
1346 2081 1489 2128 usum
1519 2095 1744 2146 unquam
1781 2099 1786 2147 ἐ

377 2152 570 2205 ἷεείίΐεε
593 2155 832 2221 aliquem.
855 2182 921 2194 -—
942 2154 1057 2203 Hoc
1082 2154 1285 2202 tandem
1306 2153 1469 2200 adhuc
1506 2152 1589 2198 hic
1610 2167 1742 2199 corn·
1780 2159 1786 2168 '

381 2243 590 2290 monere
639 2227 872 2294 expedit,
925 2227 984 2273 ad
1026 2226 1312 2274 evitandam
1365 2220 1552 2269 fraudis
1603 2220 1786 2292 suspiw·

383 2291 620 2362 cionem,
662 2298 692 2345 fi
733 2296 852 2346 olim
893 2294 1231 2354 Cancellario‚
1271 2306 1355 2341 aut
1389 2290 1739 2341 Vice-Caucel-

380 2363 502 2416 lario
530 2371 715 2432 Regis,
756 2372 838 2418 cui
871 2367 1022 2432 sigilla
1062 2367 1218 2429 Regia
1262 2379 1403 2412 erant
1428 2364 1737 2423 concredita,

380 2452 469 2507 per
505 2443 696 2503 Regem
730 2437 960 2501 beneficii
1014 2438 1316 2486 tribueretur
1361 2434 1581 2499 ali-quid,
1619 2448 1738 2481 mox
1777 2440 1786 2553 ἔ

377 2509 627 2571 Palatini,
667 2526 784 2558 mox
827 2513 977 2557 unius
1011 2506 1320 2571 alteriusque
1345 2504 1577 2572 Episcopi
1613 2502 1738 2567 figil-
1780 2557 1786 2571 Ἰ

384 2577 431 2629 la
474 2582 536 2630 de
580 2582 758 2629 eodem
786 2580 1118 2628 instrumento*
1155 2575 1294 2629 fuisse
1336 2574 1567 2624 adlatus
1603 2576 1735 2637 regii
1771 2580 1786 2652 ’ἐξ

387 2651 618 2718 appensa.
657 2653 948 2700 Ludovicus
981 2655 1017 2699 Ι.
1041 2649 1202 2697 literis
1244 2662 1395 2710 1355.
1434 2647 1530 2693 hac·
1560 2644 1735 2692 eadem
1771 2642 1774 2646 ’

385 2725 450 2769 de
473 2722 633 2782 causa,
675 2728 733 2787 („
754 2724 815 2770 ad
830 2722 1116 2770 evitandum
1146 2718 1402 2783 ffispicium
1428 2719 1486 2778 ‘⁴)
1518 2712 1732 2762 Elisabe-

383 2795 479 2841 thae
542 2795 709 2844 matris
760 2792 968 2857 figillum
1017 2787 1200 2854 duplex
1253 2783 1786 2923 εωώεῐπίετιιῐειὶπιό.ίῖωζ

475 2880 478 2883 ,
1026 2889 1030 2893 -
1119 2887 1123 2890 -
1527 2871 1551 2902 a
1625 2871 1661 2903 ι·
1785 2879 1786 2882 ¹

1768 2936 1786 3002 ἶεῖ
