<?xml version="1.0" encoding="UTF-8"?>
<!DOCTYPE html PUBLIC "-//W3C//DTD XHTML 1.0 Transitional//EN"
    "http://www.w3.org/TR/xhtml1/DTD/xhtml1-transitional.dtd">
<html xmlns="http://www.w3.org/1999/xhtml" xml:lang="en" lang="en">
 <head>
  <title>
</title>
<meta http-equiv="Content-Type" content="text/html;charset=utf-8" />
  <meta name='ocr-system' content='tesseract 3.04.00' />
  <meta name='ocr-capabilities' content='ocr_page ocr_carea ocr_par ocr_line ocrx_word'/>
</head>
<body>
  <div class='ocr_page' id='page_1' title='image "./introductioinrem00schwuoft_0144.png"; bbox 0 0 1786 3002; ppageno 0'>
   <div class='ocr_carea' id='block_1_1' title="bbox 369 182 1416 266">
    <p class='ocr_par' dir='ltr' id='par_1_1' title="bbox 369 182 1416 266">
     <span class='ocr_line' id='line_1_1' title="bbox 369 182 1416 266; baseline 0.002 -9"><span class='ocrx_word' id='word_1_1' title='bbox 369 219 473 266; x_wconf 70' lang='lat'>124</span> <span class='ocrx_word' id='word_1_2' title='bbox 542 205 778 252; x_wconf 68' lang='lat' dir='ltr'>Dxrtoivf.</span> <span class='ocrx_word' id='word_1_3' title='bbox 825 182 966 254; x_wconf 59' lang='lat' dir='ltr'>faits</span> <span class='ocrx_word' id='word_1_4' title='bbox 1003 206 1064 251; x_wconf 88' lang='lat' dir='ltr'>II.</span> <span class='ocrx_word' id='word_1_5' title='bbox 1111 216 1416 260; x_wconf 51' lang='lat' dir='ltr'>samonem·</span> 
     </span>
    </p>
   </div>
   <div class='ocr_carea' id='block_1_2' title="bbox 291 342 1669 2181">
    <p class='ocr_par' dir='ltr' id='par_1_2' title="bbox 291 342 1669 2181">
     <span class='ocr_line' id='line_1_2' title="bbox 296 342 1652 409; baseline 0.006 -18"><span class='ocrx_word' id='word_1_6' title='bbox 296 346 434 402; x_wconf 84' lang='lat' dir='ltr'>sunt..</span> <span class='ocrx_word' id='word_1_7' title='bbox 492 345 595 391; x_wconf 85' lang='lat' dir='ltr'>Prae</span> <span class='ocrx_word' id='word_1_8' title='bbox 645 342 817 394; x_wconf 86' lang='lat' dir='ltr'>multis</span> <span class='ocrx_word' id='word_1_9' title='bbox 851 343 997 406; x_wconf 78' lang='lat' dir='ltr'>aliis,</span> <span class='ocrx_word' id='word_1_10' title='bbox 1037 342 1462 407; x_wconf 43' lang='lat' dir='ltr'>formulam⁴&gt;1m5</span> <span class='ocrx_word' id='word_1_11' title='bbox 1512 358 1652 409; x_wconf 72' lang='grc' dir='ltr'><strong><em>Χςιςος</em></strong></span> 
     </span>
     <span class='ocr_line' id='line_1_3' title="bbox 295 408 1654 484; baseline 0.005 -24"><span class='ocrx_word' id='word_1_12' title='bbox 295 437 401 476; x_wconf 55' lang='grc' dir='ltr'>ψῃ,</span> <span class='ocrx_word' id='word_1_13' title='bbox 428 408 720 473; x_wconf 80' lang='lat' dir='ltr'>familiarem</span> <span class='ocrx_word' id='word_1_14' title='bbox 742 415 1027 465; x_wconf 86' lang='lat' dir='ltr'>Christianis</span> <span class='ocrx_word' id='word_1_15' title='bbox 1049 414 1324 481; x_wconf 86' lang='lat' dir='ltr'>aliquando</span> <span class='ocrx_word' id='word_1_16' title='bbox 1340 413 1654 484; x_wconf 21' lang='lat' dir='ltr'>fuiss‘eqopor«</span> 
     </span>
     <span class='ocr_line' id='line_1_4' title="bbox 293 484 1654 551; baseline 0.003 -17"><span class='ocrx_word' id='word_1_17' title='bbox 293 498 384 547; x_wconf 83' lang='lat' dir='ltr'>tet,</span> <span class='ocrx_word' id='word_1_18' title='bbox 418 486 556 551; x_wconf 87' lang='lat' dir='ltr'>quod</span> <span class='ocrx_word' id='word_1_19' title='bbox 574 484 787 535; x_wconf 59' lang='lat' dir='ltr'>victoria</span> <span class='ocrx_word' id='word_1_20' title='bbox 820 486 1111 549; x_wconf 79' lang='lat' dir='ltr'>Servatoris,</span> <span class='ocrx_word' id='word_1_21' title='bbox 1133 489 1204 538; x_wconf 78' lang='lat' dir='ltr'>de</span> <span class='ocrx_word' id='word_1_22' title='bbox 1233 484 1451 540; x_wconf 74' lang='lat' dir='ltr'>hostibus</span> <span class='ocrx_word' id='word_1_23' title='bbox 1484 489 1654 541; x_wconf 76' lang='lat' dir='ltr'>huma-</span> 
     </span>
     <span class='ocr_line' id='line_1_5' title="bbox 292 553 1654 627; baseline 0.002 -21"><span class='ocrx_word' id='word_1_24' title='bbox 292 559 349 606; x_wconf 87' lang='lat' dir='ltr'>ni</span> <span class='ocrx_word' id='word_1_25' title='bbox 390 557 590 621; x_wconf 88' lang='lat' dir='ltr'>generis</span> <span class='ocrx_word' id='word_1_26' title='bbox 629 556 922 622; x_wconf 84' lang='lat' dir='ltr'>deportata,</span> <span class='ocrx_word' id='word_1_27' title='bbox 970 555 1176 615; x_wconf 84' lang='lat' dir='ltr'>salutern</span> <span class='ocrx_word' id='word_1_28' title='bbox 1206 557 1338 605; x_wconf 88' lang='lat' dir='ltr'>suam</span> <span class='ocrx_word' id='word_1_29' title='bbox 1381 553 1528 606; x_wconf 84' lang='lat' dir='ltr'>inniti</span> <span class='ocrx_word' id='word_1_30' title='bbox 1572 563 1654 627; x_wconf 88' lang='lat' dir='ltr'>pie</span> 
     </span>
     <span class='ocr_line' id='line_1_6' title="bbox 297 627 1654 695; baseline 0.002 -19"><span class='ocrx_word' id='word_1_31' title='bbox 297 629 560 676; x_wconf 85' lang='lat' dir='ltr'><strong>crederent</strong></span> <span class='ocrx_word' id='word_1_32' title='bbox 581 660 597 685; x_wconf 86' lang='lat'>,</span> <span class='ocrx_word' id='word_1_33' title='bbox 638 627 1107 695; x_wconf 73' lang='lat' dir='ltr'>deportandamq&#39;ue</span> <span class='ocrx_word' id='word_1_34' title='bbox 1139 629 1302 678; x_wconf 87' lang='lat' dir='ltr'>adhuc</span> <span class='ocrx_word' id='word_1_35' title='bbox 1340 630 1404 676; x_wconf 92' lang='lat' dir='ltr'>de</span> <span class='ocrx_word' id='word_1_36' title='bbox 1429 628 1654 693; x_wconf 86' lang='lat' dir='ltr'>persecu-</span> 
     </span>
     <span class='ocr_line' id='line_1_7' title="bbox 291 694 1651 765; baseline 0.001 -17"><span class='ocrx_word' id='word_1_37' title='bbox 291 700 482 748; x_wconf 79' lang='lat' dir='ltr'>toribus</span> <span class='ocrx_word' id='word_1_38' title='bbox 516 694 758 745; x_wconf 71' lang='lat' dir='ltr'>doCtrinae</span> <span class='ocrx_word' id='word_1_39' title='bbox 774 699 880 762; x_wconf 85' lang='lat' dir='ltr'>ejus</span> <span class='ocrx_word' id='word_1_40' title='bbox 907 698 1122 748; x_wconf 68' lang='lat' dir='ltr'>coefestis</span> <span class='ocrx_word' id='word_1_41' title='bbox 1146 699 1354 748; x_wconf 82' lang='lat' dir='ltr'>firmiter</span> <span class='ocrx_word' id='word_1_42' title='bbox 1383 698 1651 765; x_wconf 81' lang='lat' dir='ltr'><strong>sperarent.</strong></span> 
     </span>
     <span class='ocr_line' id='line_1_8' title="bbox 292 763 1662 836; baseline 0.001 -17"><span class='ocrx_word' id='word_1_43' title='bbox 292 770 480 819; x_wconf 85' lang='lat' dir='ltr'>Eadem</span> <span class='ocrx_word' id='word_1_44' title='bbox 515 782 610 815; x_wconf 90' lang='lat' dir='ltr'>ceu</span> <span class='ocrx_word' id='word_1_45' title='bbox 633 767 805 818; x_wconf 69' lang='lat' dir='ltr'>tessera</span> <span class='ocrx_word' id='word_1_46' title='bbox 836 770 1095 818; x_wconf 86' lang='lat' dir='ltr'>divinitus</span> <span class='ocrx_word' id='word_1_47' title='bbox 1131 769 1428 836; x_wconf 78' lang='lat' dir='ltr'>praeseripta,</span> <span class='ocrx_word' id='word_1_48' title='bbox 1467 786 1495 819; x_wconf 85' lang='lat' dir='ltr'><strong>a</strong></span> <span class='ocrx_word' id='word_1_49' title='bbox 1532 763 1662 820; x_wconf 49' lang='lat' dir='ltr'>Con}-</span> 
     </span>
     <span class='ocr_line' id='line_1_9' title="bbox 293 837 1660 905; baseline -0.001 -14"><span class='ocrx_word' id='word_1_50' title='bbox 293 841 495 891; x_wconf 76' lang='lat' dir='ltr'>stantini</span> <span class='ocrx_word' id='word_1_51' title='bbox 517 842 590 887; x_wconf 91' lang='lat' dir='ltr'>M.</span> <span class='ocrx_word' id='word_1_52' title='bbox 619 850 880 905; x_wconf 86' lang='lat' dir='ltr'>tempore,</span> <span class='ocrx_word' id='word_1_53' title='bbox 914 843 1144 889; x_wconf 88' lang='lat' dir='ltr'>omnium</span> <span class='ocrx_word' id='word_1_54' title='bbox 1179 837 1493 904; x_wconf 71' lang='lat' dir='ltr'>usitatissima,</span> <span class='ocrx_word' id='word_1_55' title='bbox 1524 844 1660 891; x_wconf 74' lang='lat' dir='ltr'>inter</span> 
     </span>
     <span class='ocr_line' id='line_1_10' title="bbox 296 908 1660 976; baseline -0.001 -14"><span class='ocrx_word' id='word_1_56' title='bbox 296 908 625 971; x_wconf 80' lang='lat' dir='ltr'>Christianos,</span> <span class='ocrx_word' id='word_1_57' title='bbox 646 914 900 976; x_wconf 85' lang='lat' dir='ltr'>praecipue</span> <span class='ocrx_word' id='word_1_58' title='bbox 917 908 1139 974; x_wconf 50' lang='lat' dir='ltr'>Graecos.</span> <span class='ocrx_word' id='word_1_59' title='bbox 1154 909 1263 960; x_wconf 24' lang='lat' dir='ltr'>*esser</span> <span class='ocrx_word' id='word_1_60' title='bbox 1274 912 1467 973; x_wconf 85' lang='lat' dir='ltr'>debuit,</span> <span class='ocrx_word' id='word_1_61' title='bbox 1486 912 1660 961; x_wconf 86' lang='lat' dir='ltr'>inscri-</span> 
     </span>
     <span class='ocr_line' id='line_1_11' title="bbox 296 981 1660 1051; baseline 0.001 -19"><span class='ocrx_word' id='word_1_62' title='bbox 296 997 380 1051; x_wconf 85' lang='lat' dir='ltr'>pta</span> <span class='ocrx_word' id='word_1_63' title='bbox 411 996 510 1030; x_wconf 89' lang='lat' dir='ltr'>una</span> <span class='ocrx_word' id='word_1_64' title='bbox 533 997 650 1029; x_wconf 90' lang='lat' dir='ltr'>cum</span> <span class='ocrx_word' id='word_1_65' title='bbox 681 981 935 1046; x_wconf 86' lang='lat' dir='ltr'>fignaculo</span> <span class='ocrx_word' id='word_1_66' title='bbox 967 986 1152 1045; x_wconf 81' lang='lat' dir='ltr'>crucis,</span> <span class='ocrx_word' id='word_1_67' title='bbox 1187 981 1388 1050; x_wconf 78' lang='lat' dir='ltr'>templis</span> <span class='ocrx_word' id='word_1_68' title='bbox 1423 984 1660 1050; x_wconf 53' lang='lat' dir='ltr'>arisque}</span> 
     </span>
     <span class='ocr_line' id='line_1_12' title="bbox 295 1047 1667 1120; baseline -0.001 -17"><span class='ocrx_word' id='word_1_69' title='bbox 295 1051 499 1103; x_wconf 84' lang='lat' dir='ltr'>vexillis</span> <span class='ocrx_word' id='word_1_70' title='bbox 533 1050 583 1100; x_wconf 88' lang='lat'>&amp;</span> <span class='ocrx_word' id='word_1_71' title='bbox 615 1055 781 1114; x_wconf 82' lang='lat' dir='ltr'>armis,</span> <span class='ocrx_word' id='word_1_72' title='bbox 813 1055 1079 1103; x_wconf 86' lang='lat' dir='ltr'>codicibus</span> <span class='ocrx_word' id='word_1_73' title='bbox 1110 1048 1160 1102; x_wconf 86' lang='lat'>&amp;</span> <span class='ocrx_word' id='word_1_74' title='bbox 1189 1047 1557 1120; x_wconf 63' lang='lat' dir='ltr'>diplomatibus.</span> <span class='ocrx_word' id='word_1_75' title='bbox 1596 1057 1667 1103; x_wconf 39' lang='lat' dir='ltr'>Et*</span> 
     </span>
     <span class='ocr_line' id='line_1_13' title="bbox 296 1120 1659 1191; baseline 0.001 -19"><span class='ocrx_word' id='word_1_76' title='bbox 296 1126 358 1173; x_wconf 90' lang='lat' dir='ltr'>de</span> <span class='ocrx_word' id='word_1_77' title='bbox 385 1121 747 1190; x_wconf 81' lang='lat' dir='ltr'>diplomatibus</span> <span class='ocrx_word' id='word_1_78' title='bbox 779 1126 987 1191; x_wconf 88' lang='lat' dir='ltr'>quidem</span> <span class='ocrx_word' id='word_1_79' title='bbox 1020 1128 1193 1190; x_wconf 87' lang='lat' dir='ltr'>graecis</span> <span class='ocrx_word' id='word_1_80' title='bbox 1219 1126 1278 1173; x_wconf 19' lang='lat' dir='ltr'>id.</span> <span class='ocrx_word' id='word_1_81' title='bbox 1307 1120 1471 1172; x_wconf 89' lang='lat' dir='ltr'>multo</span> <span class='ocrx_word' id='word_1_82' title='bbox 1501 1127 1659 1189; x_wconf 83' lang='lat' dir='ltr'>magis</span> 
     </span>
     <span class='ocr_line' id='line_1_14' title="bbox 294 1193 1661 1263; baseline 0.001 -19"><span class='ocrx_word' id='word_1_83' title='bbox 294 1197 460 1244; x_wconf 84' lang='lat' dir='ltr'>adhuc</span> <span class='ocrx_word' id='word_1_84' title='bbox 508 1194 916 1257; x_wconf 81' lang='lat' dir='ltr'>confirmabitur,</span> <span class='ocrx_word' id='word_1_85' title='bbox 954 1197 1042 1246; x_wconf 91' lang='lat' dir='ltr'>ubi</span> <span class='ocrx_word' id='word_1_86' title='bbox 1082 1211 1162 1245; x_wconf 89' lang='lat' dir='ltr'>res</span> <span class='ocrx_word' id='word_1_87' title='bbox 1207 1193 1661 1263; x_wconf 67' lang='lat' dir='ltr'>diplomatica&#39;By-</span> 
     </span>
     <span class='ocr_line' id='line_1_15' title="bbox 293 1264 1662 1333; baseline -0.001 -17"><span class='ocrx_word' id='word_1_88' title='bbox 293 1268 615 1316; x_wconf 87' lang='lat' dir='ltr'>zantinorum</span> <span class='ocrx_word' id='word_1_89' title='bbox 659 1264 934 1333; x_wconf 89' lang='lat' dir='ltr'>aliquando</span> <span class='ocrx_word' id='word_1_90' title='bbox 987 1266 1300 1315; x_wconf 85' lang='lat' dir='ltr'>luculentius</span> <span class='ocrx_word' id='word_1_91' title='bbox 1347 1264 1577 1331; x_wconf 73' lang='lat' dir='ltr'>exposita·</span> <span class='ocrx_word' id='word_1_92' title='bbox 1609 1264 1662 1314; x_wconf 85' lang='lat'>&amp;</span> 
     </span>
     <span class='ocr_line' id='line_1_16' title="bbox 295 1335 1667 1404; baseline -0.002 -18"><span class='ocrx_word' id='word_1_93' title='bbox 295 1337 532 1386; x_wconf 85' lang='lat' dir='ltr'>illustrata</span> <span class='ocrx_word' id='word_1_94' title='bbox 575 1335 738 1384; x_wconf 87' lang='lat' dir='ltr'>fuerit.</span> <span class='ocrx_word' id='word_1_95' title='bbox 827 1340 928 1385; x_wconf 70' lang='lat' dir='ltr'>Oui</span> <span class='ocrx_word' id='word_1_96' title='bbox 979 1340 1142 1387; x_wconf 89' lang='lat' dir='ltr'>vicini</span> <span class='ocrx_word' id='word_1_97' title='bbox 1194 1335 1468 1404; x_wconf 81' lang='lat' dir='ltr'>aliquando</span> <span class='ocrx_word' id='word_1_98' title='bbox 1522 1346 1667 1384; x_wconf 84' lang='lat' dir='ltr'>erant</span> 
     </span>
     <span class='ocr_line' id='line_1_17' title="bbox 295 1403 1667 1475; baseline -0.002 -18"><span class='ocrx_word' id='word_1_99' title='bbox 295 1411 543 1474; x_wconf 82' lang='lat' dir='ltr'>Byzantio</span> <span class='ocrx_word' id='word_1_100' title='bbox 576 1406 774 1472; x_wconf 85' lang='lat' dir='ltr'>reguli,</span> <span class='ocrx_word' id='word_1_101' title='bbox 812 1411 1064 1475; x_wconf 84' lang='lat' dir='ltr'>praecipue</span> <span class='ocrx_word' id='word_1_102' title='bbox 1098 1412 1200 1458; x_wconf 89' lang='lat' dir='ltr'>ritu</span> <span class='ocrx_word' id='word_1_103' title='bbox 1231 1422 1397 1472; x_wconf 84' lang='lat' dir='ltr'>graeco</span> <span class='ocrx_word' id='word_1_104' title='bbox 1440 1405 1573 1456; x_wconf 86' lang='lat' dir='ltr'>sacra</span> <span class='ocrx_word' id='word_1_105' title='bbox 1596 1403 1667 1467; x_wconf 78' lang='lat' dir='ltr'>fa-</span> 
     </span>
     <span class='ocr_line' id='line_1_18' title="bbox 297 1477 1666 1544; baseline -0.003 -16"><span class='ocrx_word' id='word_1_106' title='bbox 297 1482 521 1541; x_wconf 76' lang='lat' dir='ltr'>cienteS‚</span> <span class='ocrx_word' id='word_1_107' title='bbox 561 1482 894 1544; x_wconf 85' lang='lat' dir='ltr'><strong>Imperatores</strong></span> <span class='ocrx_word' id='word_1_108' title='bbox 928 1494 1118 1543; x_wconf 85' lang='lat' dir='ltr'>graecos</span> <span class='ocrx_word' id='word_1_109' title='bbox 1146 1483 1196 1527; x_wconf 88' lang='lat' dir='ltr'>in</span> <span class='ocrx_word' id='word_1_110' title='bbox 1225 1477 1528 1527; x_wconf 88' lang='lat' dir='ltr'>solemnibus</span> <span class='ocrx_word' id='word_1_111' title='bbox 1554 1491 1666 1525; x_wconf 89' lang='lat' dir='ltr'><strong>ver-</strong></span> 
     </span>
     <span class='ocr_line' id='line_1_19' title="bbox 299 1548 1664 1614; baseline -0.004 -16"><span class='ocrx_word' id='word_1_112' title='bbox 299 1552 375 1599; x_wconf 87' lang='lat' dir='ltr'>bis</span> <span class='ocrx_word' id='word_1_113' title='bbox 419 1549 469 1597; x_wconf 82' lang='lat'>&amp;</span> <span class='ocrx_word' id='word_1_114' title='bbox 503 1551 683 1598; x_wconf 82' lang='lat' dir='ltr'>ritibus</span> <span class='ocrx_word' id='word_1_115' title='bbox 717 1551 987 1614; x_wconf 83' lang='lat' dir='ltr'>diligenter</span> <span class='ocrx_word' id='word_1_116' title='bbox 1020 1552 1207 1597; x_wconf 84' lang='lat' dir='ltr'>imitati</span> <span class='ocrx_word' id='word_1_117' title='bbox 1237 1548 1379 1609; x_wconf 85' lang='lat' dir='ltr'>sunt,</span> <span class='ocrx_word' id='word_1_118' title='bbox 1418 1561 1664 1611; x_wconf 85' lang='lat' dir='ltr'>erantque</span> 
     </span>
     <span class='ocr_line' id='line_1_20' title="bbox 294 1616 1666 1689; baseline -0.004 -20"><span class='ocrx_word' id='word_1_119' title='bbox 294 1622 476 1682; x_wconf 78' lang='lat' dir='ltr'>horum</span> <span class='ocrx_word' id='word_1_120' title='bbox 521 1620 592 1668; x_wconf 88' lang='lat' dir='ltr'>illi</span> <span class='ocrx_word' id='word_1_121' title='bbox 636 1637 741 1672; x_wconf 88' lang='lat' dir='ltr'>non</span> <span class='ocrx_word' id='word_1_122' title='bbox 785 1624 984 1681; x_wconf 89' lang='lat' dir='ltr'>minus,</span> <span class='ocrx_word' id='word_1_123' title='bbox 1034 1635 1185 1685; x_wconf 87' lang='lat' dir='ltr'>quam</span> <span class='ocrx_word' id='word_1_124' title='bbox 1232 1620 1326 1680; x_wconf 83' lang='lat' dir='ltr'>hi,</span> <span class='ocrx_word' id='word_1_125' title='bbox 1363 1616 1504 1689; x_wconf 86' lang='lat' dir='ltr'>quod</span> <span class='ocrx_word' id='word_1_126' title='bbox 1547 1631 1666 1664; x_wconf 92' lang='lat' dir='ltr'>con-</span> 
     </span>
     <span class='ocr_line' id='line_1_21' title="bbox 294 1687 1667 1756; baseline -0.003 -17"><span class='ocrx_word' id='word_1_127' title='bbox 294 1691 418 1752; x_wconf 85' lang='lat' dir='ltr'>stat,</span> <span class='ocrx_word' id='word_1_128' title='bbox 457 1687 771 1739; x_wconf 83' lang='lat' dir='ltr'>tenaciffimi.</span> <span class='ocrx_word' id='word_1_129' title='bbox 846 1691 1012 1756; x_wconf 89' lang='lat' dir='ltr'>Atqui</span> <span class='ocrx_word' id='word_1_130' title='bbox 1051 1706 1176 1742; x_wconf 85' lang='lat' dir='ltr'>vero</span> <span class='ocrx_word' id='word_1_131' title='bbox 1209 1691 1262 1737; x_wconf 90' lang='lat' dir='ltr'>in</span> <span class='ocrx_word' id='word_1_132' title='bbox 1296 1688 1525 1738; x_wconf 87' lang='lat' dir='ltr'>Archivo</span> <span class='ocrx_word' id='word_1_133' title='bbox 1553 1688 1667 1735; x_wconf 83' lang='lat' dir='ltr'><strong>Car-</strong></span> 
     </span>
     <span class='ocr_line' id='line_1_22' title="bbox 294 1757 1666 1827; baseline -0.004 -17"><span class='ocrx_word' id='word_1_134' title='bbox 294 1761 530 1823; x_wconf 67' lang='lat' dir='ltr'>lovicenfi</span> <span class='ocrx_word' id='word_1_135' title='bbox 589 1763 734 1827; x_wconf 89' lang='lat' dir='ltr'>quod</span> <span class='ocrx_word' id='word_1_136' title='bbox 787 1761 886 1825; x_wconf 83' lang='lat' dir='ltr'>jam</span> <span class='ocrx_word' id='word_1_137' title='bbox 938 1760 1336 1817; x_wconf 80' lang='lat' dir='ltr'>commemoravi</span> <span class='ocrx_word' id='word_1_138' title='bbox 1363 1793 1381 1820; x_wconf 88' lang='lat'>‚</span> <span class='ocrx_word' id='word_1_139' title='bbox 1415 1757 1666 1808; x_wconf 69' lang='lat' dir='ltr'>‘solemne</span> 
     </span>
     <span class='ocr_line' id='line_1_23' title="bbox 295 1827 1663 1900; baseline -0.005 -19"><span class='ocrx_word' id='word_1_140' title='bbox 295 1833 516 1900; x_wconf 85' lang='lat' dir='ltr'>diploma</span> <span class='ocrx_word' id='word_1_141' title='bbox 549 1831 829 1884; x_wconf 85' lang='lat' dir='ltr'>custoditur</span> <span class='ocrx_word' id='word_1_142' title='bbox 862 1833 1103 1898; x_wconf 81' lang='lat' dir='ltr'>Stephani</span> <span class='ocrx_word' id='word_1_143' title='bbox 1138 1828 1301 1895; x_wconf 81' lang='lat' dir='ltr'>reguli</span> <span class='ocrx_word' id='word_1_144' title='bbox 1349 1827 1525 1894; x_wconf 64' lang='lat' dir='ltr'>(Cziir)</span> <span class='ocrx_word' id='word_1_145' title='bbox 1557 1831 1663 1875; x_wconf 86' lang='lat' dir='ltr'><strong>Ser·</strong></span> 
     </span>
     <span class='ocr_line' id='line_1_24' title="bbox 297 1896 1669 1973; baseline -0.004 -21"><span class='ocrx_word' id='word_1_146' title='bbox 297 1904 561 1965; x_wconf 48' lang='lat' dir='ltr'>viae‚&gt;anni</span> <span class='ocrx_word' id='word_1_147' title='bbox 598 1911 747 1967; x_wconf 81' lang='lat'>1348.</span> <span class='ocrx_word' id='word_1_148' title='bbox 788 1903 858 1973; x_wconf 55' lang='grc' dir='ltr'>αξ</span> <span class='ocrx_word' id='word_1_149' title='bbox 902 1901 1048 1950; x_wconf 56' lang='lat' dir='ltr'>,ulnas</span> <span class='ocrx_word' id='word_1_150' title='bbox 1085 1904 1220 1949; x_wconf 86' lang='lat' dir='ltr'>vien.</span> <span class='ocrx_word' id='word_1_151' title='bbox 1251 1899 1490 1964; x_wconf 81' lang='lat' dir='ltr'>longum,</span> <span class='ocrx_word' id='word_1_152' title='bbox 1526 1901 1563 1960; x_wconf 63' lang='lat'>-35</span> <span class='ocrx_word' id='word_1_153' title='bbox 1597 1896 1669 1946; x_wconf 89' lang='lat' dir='ltr'>ul-</span> 
     </span>
     <span class='ocr_line' id='line_1_25' title="bbox 293 1971 1668 2036; baseline -0.004 -12"><span class='ocrx_word' id='word_1_154' title='bbox 293 1992 408 2024; x_wconf 84' lang='lat' dir='ltr'>nam</span> <span class='ocrx_word' id='word_1_155' title='bbox 442 1976 580 2022; x_wconf 86' lang='lat' dir='ltr'>vien.</span> <span class='ocrx_word' id='word_1_156' title='bbox 607 1973 764 2024; x_wconf 85' lang='lat' dir='ltr'>latum</span> <span class='ocrx_word' id='word_1_157' title='bbox 783 2007 800 2033; x_wconf 89' lang='lat'>‚</span> <span class='ocrx_word' id='word_1_158' title='bbox 840 1971 971 2020; x_wconf 85' lang='lat' dir='ltr'>bulla</span> <span class='ocrx_word' id='word_1_159' title='bbox 1005 1984 1242 2036; x_wconf 86' lang='lat' dir='ltr'>argentea</span> <span class='ocrx_word' id='word_1_160' title='bbox 1265 2005 1282 2031; x_wconf 87' lang='lat'>,</span> <span class='ocrx_word' id='word_1_161' title='bbox 1321 1973 1460 2019; x_wconf 90' lang='lat' dir='ltr'>intus</span> <span class='ocrx_word' id='word_1_162' title='bbox 1486 1984 1668 2030; x_wconf 85' lang='lat' dir='ltr'>vacua,</span> 
     </span>
     <span class='ocr_line' id='line_1_26' title="bbox 298 2039 1667 2105; baseline -0.006 -11"><span class='ocrx_word' id='word_1_163' title='bbox 298 2044 461 2094; x_wconf 83' lang='lat' dir='ltr'>afflata</span> <span class='ocrx_word' id='word_1_164' title='bbox 494 2059 651 2104; x_wconf 85' lang='lat' dir='ltr'>auro,</span> <span class='ocrx_word' id='word_1_165' title='bbox 692 2046 1091 2104; x_wconf 86' lang='lat' dir='ltr'>communitum,</span> <span class='ocrx_word' id='word_1_166' title='bbox 1128 2043 1269 2105; x_wconf 89' lang='lat' dir='ltr'>cujus</span> <span class='ocrx_word' id='word_1_167' title='bbox 1295 2039 1512 2089; x_wconf 88' lang='lat' dir='ltr'>frontem</span> <span class='ocrx_word' id='word_1_168' title='bbox 1542 2054 1667 2088; x_wconf 83' lang='lat' dir='ltr'>crux</span> 
     </span>
     <span class='ocr_line' id='line_1_27' title="bbox 299 2111 1667 2181; baseline -0.007 -16"><span class='ocrx_word' id='word_1_169' title='bbox 299 2115 553 2181; x_wconf 82' lang='lat' dir='ltr'>duplicata</span> <span class='ocrx_word' id='word_1_170' title='bbox 604 2112 786 2178; x_wconf 84' lang='lat' dir='ltr'>coloris</span> <span class='ocrx_word' id='word_1_171' title='bbox 835 2116 978 2163; x_wconf 88' lang='lat' dir='ltr'>rubei</span> <span class='ocrx_word' id='word_1_172' title='bbox 1013 2126 1252 2174; x_wconf 84' lang='lat' dir='ltr'>coronat,</span> <span class='ocrx_word' id='word_1_173' title='bbox 1291 2126 1408 2160; x_wconf 87' lang='lat' dir='ltr'>cum</span> <span class='ocrx_word' id='word_1_174' title='bbox 1449 2111 1667 2176; x_wconf 82' lang='lat' dir='ltr'>perigra-</span> 
     </span>
    </p>
   </div>
   <div class='ocr_carea' id='block_1_3' title="bbox 296 2191 1670 2346">
    <p class='ocr_par' dir='ltr' id='par_1_3' title="bbox 296 2191 1670 2346">
     <span class='ocr_line' id='line_1_28' title="bbox 296 2191 1670 2274; baseline -0.006 -17"><span class='ocrx_word' id='word_1_175' title='bbox 296 2210 396 2274; x_wconf 89' lang='lat' dir='ltr'>phe</span> <span class='ocrx_word' id='word_1_176' title='bbox 438 2193 513 2257; x_wconf 66' lang='grc' dir='ltr'>ἶῖἶ</span> <span class='ocrx_word' id='word_1_177' title='bbox 555 2191 641 2257; x_wconf 49' lang='lat' dir='ltr'>§TC</span> <span class='ocrx_word' id='word_1_178' title='bbox 672 2191 763 2257; x_wconf 62' lang='grc' dir='ltr'>Ιῖῖῖ</span> <span class='ocrx_word' id='word_1_179' title='bbox 791 2192 901 2256; x_wconf 59' lang='grc' dir='ltr'>ΚΧ.</span> <span class='ocrx_word' id='word_1_180' title='bbox 979 2207 1061 2261; x_wconf 83' lang='lat' dir='ltr'>Ab</span> <span class='ocrx_word' id='word_1_181' title='bbox 1113 2203 1445 2253; x_wconf 88' lang='lat' dir='ltr'>instrumento</span> <span class='ocrx_word' id='word_1_182' title='bbox 1487 2203 1670 2263; x_wconf 89' lang='lat' dir='ltr'>hocce,</span> 
     </span>
     <span class='ocr_line' id='line_1_29' title="bbox 298 2273 1667 2346; baseline -0.006 -18"><span class='ocrx_word' id='word_1_183' title='bbox 298 2280 609 2329; x_wconf 83' lang='lat' dir='ltr'>occasionem</span> <span class='ocrx_word' id='word_1_184' title='bbox 637 2279 1073 2346; x_wconf 74' lang='lat' dir='ltr'>interpretationis</span> <span class='ocrx_word' id='word_1_185' title='bbox 1105 2290 1247 2324; x_wconf 83' lang='lat' dir='ltr'>novae</span> <span class='ocrx_word' id='word_1_186' title='bbox 1276 2273 1505 2338; x_wconf 80' lang='lat' dir='ltr'>figlarum</span> <span class='ocrx_word' id='word_1_187' title='bbox 1536 2275 1580 2342; x_wconf 90' lang='lat' dir='ltr'>J.</span> <span class='ocrx_word' id='word_1_188' title='bbox 1607 2274 1667 2320; x_wconf 92' lang='lat' dir='ltr'>C.</span> 
     </span>
    </p>
   </div>
   <div class='ocr_carea' id='block_1_4' title="bbox 285 2345 1672 2482">
    <p class='ocr_par' dir='ltr' id='par_1_4' title="bbox 285 2345 1672 2482">
     <span class='ocr_line' id='line_1_30' title="bbox 285 2345 1154 2414; baseline -0.008 -14"><span class='ocrx_word' id='word_1_189' title='bbox 285 2350 366 2400; x_wconf 56' lang='lat' dir='ltr'>&#39;N.</span> <span class='ocrx_word' id='word_1_190' title='bbox 400 2366 480 2398; x_wconf 87' lang='lat' dir='ltr'>me</span> <span class='ocrx_word' id='word_1_191' title='bbox 512 2349 773 2414; x_wconf 72' lang='lat' dir='ltr'>accepisse,</span> <span class='ocrx_word' id='word_1_192' title='bbox 792 2366 892 2398; x_wconf 88' lang='lat' dir='ltr'>non</span> <span class='ocrx_word' id='word_1_193' title='bbox 925 2345 1154 2396; x_wconf 85' lang='lat' dir='ltr'>diffiteor.</span> 
     </span>
     <span class='ocr_line' id='line_1_31' title="bbox 435 2412 1672 2482; baseline -0.008 -12"><span class='ocrx_word' id='word_1_194' title='bbox 435 2426 513 2482; x_wconf 81' lang='lat'>2.)</span> <span class='ocrx_word' id='word_1_195' title='bbox 554 2425 608 2467; x_wconf 68' lang='lat' dir='ltr'>in</span> <span class='ocrx_word' id='word_1_196' title='bbox 641 2422 872 2468; x_wconf 86' lang='lat' dir='ltr'>Chrismo</span> <span class='ocrx_word' id='word_1_197' title='bbox 904 2419 1130 2467; x_wconf 84' lang='lat' dir='ltr'>secundae</span> <span class='ocrx_word' id='word_1_198' title='bbox 1163 2413 1334 2476; x_wconf 76' lang='lat' dir='ltr'>claffiS,</span> <span class='ocrx_word' id='word_1_199' title='bbox 1358 2418 1397 2464; x_wconf 92' lang='lat' dir='ltr'>C</span> <span class='ocrx_word' id='word_1_200' title='bbox 1426 2412 1672 2478; x_wconf 83' lang='lat' dir='ltr'>majuscu-</span> 
     </span>
    </p>
   </div>
   <div class='ocr_carea' id='block_1_5' title="bbox 261 2485 1670 2911">
    <p class='ocr_par' dir='ltr' id='par_1_5' title="bbox 261 2485 1670 2911">
     <span class='ocr_line' id='line_1_32' title="bbox 296 2485 1670 2556; baseline -0.006 -16"><span class='ocrx_word' id='word_1_201' title='bbox 296 2491 404 2540; x_wconf 89' lang='lat' dir='ltr'>lum</span> <span class='ocrx_word' id='word_1_202' title='bbox 445 2495 673 2556; x_wconf 86' lang='lat' dir='ltr'>inprimis</span> <span class='ocrx_word' id='word_1_203' title='bbox 707 2491 777 2540; x_wconf 86' lang='lat' dir='ltr'>est</span> <span class='ocrx_word' id='word_1_204' title='bbox 819 2491 1148 2555; x_wconf 55' lang='lat' dir='ltr'>conspicuum</span> <span class='ocrx_word' id='word_1_205' title='bbox 1179 2506 1206 2538; x_wconf 88' lang='lat' dir='ltr'>a</span> <span class='ocrx_word' id='word_1_206' title='bbox 1247 2485 1351 2535; x_wconf 82' lang='lat' dir='ltr'>saec.</span> <span class='ocrx_word' id='word_1_207' title='bbox 1393 2490 1459 2534; x_wconf 89' lang='lat' dir='ltr'>IX</span> <span class='ocrx_word' id='word_1_208' title='bbox 1483 2512 1550 2525; x_wconf 92' lang='lat'>--</span> <span class='ocrx_word' id='word_1_209' title='bbox 1579 2487 1670 2532; x_wconf 68' lang='grc' dir='ltr'>ΧΠ</span> 
     </span>
     <span class='ocr_line' id='line_1_33' title="bbox 261 2554 1668 2627; baseline -0.005 -17"><span class='ocrx_word' id='word_1_210' title='bbox 261 2571 263 2574; x_wconf 80' lang='grc'>’</span> <span class='ocrx_word' id='word_1_211' title='bbox 298 2566 368 2611; x_wconf 85' lang='lat' dir='ltr'>ita</span> <span class='ocrx_word' id='word_1_212' title='bbox 408 2577 609 2623; x_wconf 87' lang='lat' dir='ltr'>tamen,</span> <span class='ocrx_word' id='word_1_213' title='bbox 647 2575 703 2608; x_wconf 90' lang='lat' dir='ltr'>ut</span> <span class='ocrx_word' id='word_1_214' title='bbox 741 2565 756 2626; x_wconf 85' lang='lat' dir='ltr'><strong>j</strong></span> <span class='ocrx_word' id='word_1_215' title='bbox 798 2560 1043 2626; x_wconf 81' lang='lat' dir='ltr'>longioris</span> <span class='ocrx_word' id='word_1_216' title='bbox 1081 2557 1304 2627; x_wconf 83' lang='lat' dir='ltr'>reliquiae</span> <span class='ocrx_word' id='word_1_217' title='bbox 1337 2562 1389 2607; x_wconf 89' lang='lat' dir='ltr'>in</span> <span class='ocrx_word' id='word_1_218' title='bbox 1427 2558 1571 2622; x_wconf 80' lang='lat' dir='ltr'>apice</span> <span class='ocrx_word' id='word_1_219' title='bbox 1615 2554 1668 2604; x_wconf 79' lang='grc' dir='ltr'>δε</span> 
     </span>
     <span class='ocr_line' id='line_1_34' title="bbox 298 2629 1665 2685; baseline -0.004 -3"><span class='ocrx_word' id='word_1_220' title='bbox 298 2635 356 2682; x_wconf 90' lang='lat' dir='ltr'>in</span> <span class='ocrx_word' id='word_1_221' title='bbox 388 2635 482 2684; x_wconf 81' lang='lat' dir='ltr'>bafi</span> <span class='ocrx_word' id='word_1_222' title='bbox 512 2633 666 2682; x_wconf 85' lang='lat' dir='ltr'>literae</span> <span class='ocrx_word' id='word_1_223' title='bbox 697 2635 1001 2685; x_wconf 88' lang='lat' dir='ltr'>dominantis</span> <span class='ocrx_word' id='word_1_224' title='bbox 1045 2638 1084 2684; x_wconf 94' lang='lat' dir='ltr'>C</span> <span class='ocrx_word' id='word_1_225' title='bbox 1117 2633 1280 2681; x_wconf 84' lang='lat' dir='ltr'>adhuc</span> <span class='ocrx_word' id='word_1_226' title='bbox 1323 2629 1665 2680; x_wconf 82' lang='lat' dir='ltr'>observentur.</span> 
     </span>
     <span class='ocr_line' id='line_1_35' title="bbox 300 2697 1666 2756; baseline -0.004 -5"><span class='ocrx_word' id='word_1_227' title='bbox 300 2705 548 2754; x_wconf 89' lang='lat' dir='ltr'>Videntur</span> <span class='ocrx_word' id='word_1_228' title='bbox 578 2705 675 2753; x_wconf 85' lang='lat' dir='ltr'>istae</span> <span class='ocrx_word' id='word_1_229' title='bbox 710 2720 913 2756; x_wconf 83' lang='lat' dir='ltr'>ornatus</span> <span class='ocrx_word' id='word_1_230' title='bbox 955 2720 1147 2756; x_wconf 87' lang='lat' dir='ltr'>tanturn</span> <span class='ocrx_word' id='word_1_231' title='bbox 1174 2704 1320 2754; x_wconf 85' lang='lat' dir='ltr'>causa</span> <span class='ocrx_word' id='word_1_232' title='bbox 1351 2711 1554 2751; x_wconf 86' lang='lat' dir='ltr'>retentae</span> <span class='ocrx_word' id='word_1_233' title='bbox 1596 2697 1666 2747; x_wconf 90' lang='lat' dir='ltr'>es·</span> 
     </span>
     <span class='ocr_line' id='line_1_36' title="bbox 300 2773 1668 2844; baseline -0.006 -22"><span class='ocrx_word' id='word_1_234' title='bbox 300 2773 380 2836; x_wconf 87' lang='lat' dir='ltr'>se,</span> <span class='ocrx_word' id='word_1_235' title='bbox 423 2775 743 2841; x_wconf 62' lang='lat' dir='ltr'>calligraphis</span> <span class='ocrx_word' id='word_1_236' title='bbox 771 2780 835 2826; x_wconf 90' lang='lat' dir='ltr'>de</span> <span class='ocrx_word' id='word_1_237' title='bbox 867 2777 969 2828; x_wconf 84' lang='lat' dir='ltr'>solo</span> <span class='ocrx_word' id='word_1_238' title='bbox 1003 2775 1177 2844; x_wconf 74' lang='lat' dir='ltr'>Christi</span> <span class='ocrx_word' id='word_1_239' title='bbox 1199 2774 1322 2842; x_wconf 85' lang='lat' dir='ltr'>figlo</span> <span class='ocrx_word' id='word_1_240' title='bbox 1345 2777 1450 2841; x_wconf 69' lang='lat' dir='ltr'>jamv</span> <span class='ocrx_word' id='word_1_241' title='bbox 1470 2782 1668 2821; x_wconf 81' lang='lat' dir='ltr'>tantum</span> 
     </span>
     <span class='ocr_line' id='line_1_37' title="bbox 299 2844 1594 2911; baseline -0.006 -15"><span class='ocrx_word' id='word_1_242' title='bbox 299 2848 654 2911; x_wconf 83' lang='lat' dir='ltr'>cogitantibus.</span> <span class='ocrx_word' id='word_1_243' title='bbox 1438 2845 1516 2907; x_wconf 73' lang='grc'>3.)</span> <span class='ocrx_word' id='word_1_244' title='bbox 1543 2844 1594 2888; x_wconf 86' lang='grc' dir='ltr'><strong>Α</strong></span> 
     </span>
    </p>
   </div>
  </div>
 </body>
</html>
